category,name,mrp_rupees,discount_percent,available_qty,selling_price_rupees,weight_g,out_of_stock,quantity,discount_value_rupees,price_per_gram,stock_status
Fruits & Vegetables,Onion,2500,16,3,2100,1000,0,1,400,2.1,Available
Fruits & Vegetables,Tomato Hybrid,4200,16,3,3500,1000,0,1,700,3.5,Available
Fruits & Vegetables,Tender Coconut,5100,15,3,4300,58,0,1,800,74.13793103,Available
Fruits & Vegetables,Coriander Leaves,2000,15,3,1700,100,0,100,300,17,Available
Fruits & Vegetables,Ladies Finger ,1400,14,3,1200,250,0,250,200,4.8,Available
Fruits & Vegetables,Potato,3500,17,3,2900,1000,0,1,600,2.9,Available
Fruits & Vegetables,Lemon,7500,16,3,6300,200,0,200,1200,31.5,Available
Fruits & Vegetables,Watermelon ,5800,15,3,4900,58,0,1,900,84.48275862,Available
Fruits & Vegetables,Capsicum Green ,2300,17,3,1900,250,0,250,400,7.6,Available
Fruits & Vegetables,Chilli Green ,1900,15,3,1600,100,0,100,300,16,Available
Fruits & Vegetables,Banana Robusta,2900,17,3,2400,348,0,6,500,6.896551724,Available
Fruits & Vegetables,Garlic Indian ,1100,18,3,900,100,0,100,200,9,Available
Fruits & Vegetables,Cauliflower,2600,15,3,2200,58,0,1,400,37.93103448,Available
Fruits & Vegetables,Ginger,1400,14,3,1200,200,0,200,200,6,Available
Fruits & Vegetables,Spinach,1900,15,3,1600,250,0,250,300,6.4,Available
Fruits & Vegetables,Muskmelon,4200,16,3,3500,58,0,1,700,60.34482759,Available
Fruits & Vegetables,Cabbage ,1500,13,3,1300,58,0,1,200,22.4137931,Available
Fruits & Vegetables,Methi,3000,16,3,2500,250,0,250,500,10,Available
Fruits & Vegetables,Broccoli,3600,16,3,3000,500,0,500,600,6,Available
Fruits & Vegetables,Sapota,3000,16,3,2500,348,0,6,500,7.183908046,Available
Fruits & Vegetables,Orange Nagpur,8200,15,3,6900,232,0,4,1300,29.74137931,Available
Fruits & Vegetables,Mint Leaves ,1100,18,3,900,100,0,100,200,9,Available
Fruits & Vegetables,Beans French,3300,15,3,2800,250,0,250,500,11.2,Available
Fruits & Vegetables,Bottle Gourd ,2600,15,3,2200,58,0,1,400,37.93103448,Available
Fruits & Vegetables,Banana Elaichi ,5800,15,3,4900,348,0,6,900,14.08045977,Available
Fruits & Vegetables,Coconut Big,3600,16,3,3000,58,0,1,600,51.72413793,Available
Fruits & Vegetables,Curry Leaves,1300,15,3,1100,50,0,50,200,22,Available
Fruits & Vegetables,Brinjal Bharta,1900,15,3,1600,58,0,1,300,27.5862069,Available
Fruits & Vegetables,Lettuce Iceberg,2500,16,3,2100,250,0,250,400,8.4,Available
Fruits & Vegetables,Papaya,5400,16,3,4500,58,0,1,900,77.5862069,Available
Fruits & Vegetables,Apple Shimla,14200,16,3,11900,232,0,4,2300,51.29310345,Available
Fruits & Vegetables,Bitter Gourd,1800,16,3,1500,250,0,250,300,6,Available
Fruits & Vegetables,Brinjal Small,1800,16,3,1500,250,0,250,300,6,Available
Fruits & Vegetables,Sweet Corn,3600,16,3,3000,116,0,2,600,25.86206897,Available
Fruits & Vegetables,Spring Onion ,1800,16,3,1500,250,0,250,300,6,Available
Fruits & Vegetables,Bell Peppers Red & Yellow ,11800,16,3,9900,116,0,2,1900,85.34482759,Available
Fruits & Vegetables,Pomegranate ,10600,16,3,8900,116,0,2,1700,76.72413793,Available
Fruits & Vegetables,Sweet Lime,3000,16,3,2500,116,0,2,500,21.55172414,Available
Fruits & Vegetables,Baby Potato,1900,15,3,1600,500,0,500,300,3.2,Available
Fruits & Vegetables,Coccinia,3200,15,3,2700,250,0,250,500,10.8,Available
Fruits & Vegetables,Guava,5400,16,3,4500,232,0,4,900,19.39655172,Available
Fruits & Vegetables,Apple Washington,17700,15,3,14900,232,0,4,2800,64.22413793,Available
Fruits & Vegetables,Amla,3200,15,3,2700,250,0,250,500,10.8,Available
Fruits & Vegetables,Beans Cluster,3000,16,3,2500,250,0,250,500,10,Available
Fruits & Vegetables,Apple Royal Gala,18900,15,3,15900,232,0,4,3000,68.53448276,Available
Fruits & Vegetables,Chilli Bhaji,3000,16,3,2500,250,0,250,500,10,Available
Fruits & Vegetables,Lettuce Green,2300,17,3,1900,100,0,100,400,19,Available
Fruits & Vegetables,Baby Corn Peeled,3500,17,3,2900,250,0,250,600,11.6,Available
Fruits & Vegetables,Mixed Sprouts,3500,17,3,2900,200,0,200,600,14.5,Available
Fruits & Vegetables,Zucchini Green,3500,17,3,2900,250,0,250,600,11.6,Available
Fruits & Vegetables,Beans Broad,4200,16,3,3500,250,0,250,700,14,Available
Fruits & Vegetables,Raw Banana,2000,15,6,1700,500,0,500,300,3.4,Available
Fruits & Vegetables,Colocasia ,2900,17,6,2400,500,0,500,500,4.8,Available
Fruits & Vegetables,Tomato Cherry ,3500,17,3,2900,200,0,200,600,14.5,Available
Fruits & Vegetables,Sweet Potato ,3800,15,3,3200,500,0,500,600,6.4,Available
Fruits & Vegetables,Pineapple Slice,8900,15,3,7500,200,0,200,1400,37.5,Available
Fruits & Vegetables,Orange,5400,16,3,4500,116,0,2,900,38.79310345,Available
Fruits & Vegetables,Dragon Fruit Imported,7000,15,3,5900,58,0,1,1100,101.7241379,Available
Fruits & Vegetables,Zucchini Yellow,4200,16,3,3500,250,0,500,700,14,Available
Fruits & Vegetables,Apple Kinnaur,14200,16,6,11900,232,0,4,2300,51.29310345,Available
Fruits & Vegetables,Pineapple,9400,15,3,7900,58,0,1,1500,136.2068966,Available
Fruits & Vegetables,Basil,2000,15,3,1700,100,0,100,300,17,Available
Fruits & Vegetables,Parsley,1700,17,3,1400,100,0,100,300,14,Available
Fruits & Vegetables,Ridge Gourd,3000,16,3,2500,500,0,500,500,5,Available
Fruits & Vegetables,Papaya Cut,4600,15,3,3900,200,0,200,700,19.5,Available
Fruits & Vegetables,Pomegranate Peeled,5800,15,2,4900,100,0,100,900,49,Available
Fruits & Vegetables,Pear Green Imported,8200,15,3,6900,116,0,2,1300,59.48275862,Available
Fruits & Vegetables,Guava Thai,7000,15,3,5900,116,0,2,1100,50.86206897,Available
Fruits & Vegetables,Lettuce Red,2000,15,3,1700,100,0,100,300,17,Available
Fruits & Vegetables,Mango Raw,6000,16,3,5000,500,0,500,1000,10,Available
Fruits & Vegetables,Biryani /Pulav Mix,5800,15,3,4900,250,0,250,900,19.6,Available
Fruits & Vegetables,Banana Nendran,5400,16,6,4500,500,0,500,900,9,Available
Fruits & Vegetables,Pumpkin Cut,3000,16,3,2500,200,0,200,500,12.5,Available
Fruits & Vegetables,Banana Red,5400,16,6,4500,500,0,500,900,9,Available
Fruits & Vegetables,Radish White,2300,17,6,1900,500,0,500,400,3.8,Available
Fruits & Vegetables,Avocado Indian Premium,17700,15,3,14900,58,0,1,2800,256.8965517,Available
Fruits & Vegetables,Banana Leaf,1200,16,2,1000,58,0,1,200,17.24137931,Available
Fruits & Vegetables,Sponge Gourd,2500,16,2,2100,300,0,300,400,7,Available
Fruits & Vegetables,Zama Organics Carrot,2000,15,3,1700,250,0,250,300,6.8,Available
Fruits & Vegetables,Safal Frozen - Mixed Vegetables,11000,4,2,10500,1000,0,1,500,10.5,Available
Fruits & Vegetables,Zama Organics Sweet Potato,3700,16,3,3100,250,0,250,600,12.4,Available
Fruits & Vegetables,Beetroot,1600,18,3,1300,500,0,500,300,2.6,Available
Fruits & Vegetables,Capsicum,2600,19,3,2100,500,0,500,500,4.2,Available
Fruits & Vegetables,Carrot,1900,21,3,1500,500,0,500,400,3,Available
Fruits & Vegetables,Garlic,1700,23,3,1300,200,0,200,400,6.5,Available
Fruits & Vegetables,Moong Sprouts,3500,17,0,2900,200,1,200,600,14.5,out of stock
Fruits & Vegetables,Safal Frozen Mixed Vegetables,6000,5,0,5700,500,1,500,300,11.4,out of stock
Fruits & Vegetables,Safal Frozen Corn,4100,4,0,3900,200,1,200,200,19.5,out of stock
Fruits & Vegetables,Safal Frozen - Sweet Corn,16000,5,0,15200,1000,1,1,800,15.2,out of stock
Cooking Essentials,Maggi 2 Minute Masala Noodles,1200,0,6,1200,70,0,70,0,17.14285714,Available
Cooking Essentials,iD Idli & Dosa Batter ,8000,15,6,6800,1000,0,1,1200,6.8,Available
Cooking Essentials,Tata Salt,2400,0,6,2400,1000,0,1,0,2.4,Available
Cooking Essentials,Arden Eggs White,9700,0,4,9700,696,0,12,0,13.93678161,Available
Cooking Essentials,Fortune Sunlite Refined Sunflower (Pouch),23000,4,6,21900,1000,0,1,1100,21.9,Available
Cooking Essentials,Aashirvaad Superior MP Atta,25000,2,6,24500,5000,0,5,500,4.9,Available
Cooking Essentials,Amul Pure Ghee (Pouch),25500,2,6,24900,500,0,500,600,49.8,Available
Cooking Essentials,Arden Eggs Brown,8500,7,4,7900,348,0,6,600,22.70114943,Available
Cooking Essentials,Tata Salt Lite,4000,10,6,3600,1000,0,1,400,3.6,Available
Cooking Essentials,Saffola Gold Oil (Pouch),21500,0,6,21500,1000,0,1,0,21.5,Available
Cooking Essentials,Fortune Sunlite Refined Sunflower (Jar),92500,0,6,92500,5000,0,5,0,18.5,Available
Cooking Essentials,Fortune Rice Bran (Pouch),22500,11,6,19900,1000,0,1,2600,19.9,Available
Cooking Essentials,Saffola Active Oil,21000,0,6,21000,1000,0,1,0,21,Available
Cooking Essentials,Aashirvaad Atta,46000,13,6,39900,10000,0,10,6100,3.99,Available
Cooking Essentials,Popular Essentials Toor Dal (Un-Polished),16000,6,4,14900,1000,0,1,1100,14.9,Available
Cooking Essentials,Amul Ghee (Tin),52000,2,6,50900,1000,0,1,1100,50.9,Available
Cooking Essentials,Amul Fresh Cream,19700,3,3,19100,1000,0,1,600,19.1,Available
Cooking Essentials,Popular Essentials Pure Jaggery,5000,2,6,4900,450,0,450,100,10.88888889,Available
Cooking Essentials,Aashirvaad Multigrain Atta,6400,3,2,6200,1000,0,1,200,6.2,Available
Cooking Essentials,Fortune Soyabean Oil,100500,0,6,99900,5000,0,5,600,19.98,Available
Cooking Essentials,Popular Essentials Sunflower Seeds,2500,0,6,2500,50,0,50,0,50,Available
Cooking Essentials,Tata Sampann kabuli chana,18500,1,4,18300,1000,0,500,200,18.3,Available
Cooking Essentials,Dhara Groundnut Oil (Pouch),23000,11,6,20300,1000,0,1,2700,20.3,Available
Cooking Essentials,Dhara Health Refined Sun Flower Oil Jar,120000,18,6,98400,5000,0,5,21600,19.68,Available
Cooking Essentials,24 Mantra Organic Jaggery Powder,8000,15,6,6800,500,0,500,1200,13.6,Available
Cooking Essentials,Tata Sampann High Protien Kabuli Chana,9400,0,1,9400,500,0,500,0,18.8,Available
Cooking Essentials,Dhara Kachi Ghani Mustard Oil Jar,125000,8,6,114300,5000,0,5,10700,22.86,Available
Cooking Essentials,D'lecta Dairy Cream,5400,5,6,5100,200,0,200,300,25.5,Available
Cooking Essentials,Ching's Secret Instant Hot Garlic Noodles,1500,0,3,1500,60,0,60,0,25,Available
Cooking Essentials,Dabur Ginger Garlic Paste,2500,8,3,2300,100,0,100,200,23,Available
Cooking Essentials,Ching's Secret Instant Schezwan Noodles,1500,0,6,1500,60,0,60,0,25,Available
Cooking Essentials,Gowardhan Ghee/Tuppa Jar,31500,1,6,30900,500,0,500,600,61.8,Available
Cooking Essentials,Tata Sampann Unpolished Moong Dal ,9200,4,4,8800,500,0,500,400,17.6,Available
Cooking Essentials,Aashirvaad Select Atta,6400,0,6,6400,1000,0,1,0,6.4,Available
Cooking Essentials,Popular Essentials Misri Dana (Diamond Sugar) ,1500,0,4,1500,100,0,100,0,15,Available
Cooking Essentials,Gowardhan Ghee Jar,59800,3,6,57900,1000,0,1,1900,57.9,Available
Cooking Essentials,Top Ramen  Noodles Curry Veg Pouch,2000,0,1,2000,70,0,70,0,28.57142857,Available
Cooking Essentials,Popular Essentials Refined Sugar,6000,0,6,6000,1000,0,1,0,6,Available
Cooking Essentials,Fortune Kachi Ghani Mustard Oil Bottle,21600,7,6,19900,1000,0,1,1700,19.9,Available
Cooking Essentials,Saffola Veggie Twist Masala Oats,1500,0,6,1500,38,0,38,0,39.47368421,Available
Cooking Essentials,Satyam Puffed Rice Kurmura (R),2300,0,6,2300,200,0,200,0,11.5,Available
Cooking Essentials,Quaker Oats,7900,0,2,7900,400,0,400,0,19.75,Available
Cooking Essentials,Aashirvaad Select Sharbati Atta,31500,10,6,28300,5000,0,5,3200,5.66,Available
Cooking Essentials,Gowardhan Cow Ghee Pouch,57900,10,6,52100,1000,0,1,5800,52.1,Available
Cooking Essentials,Dhara Nourish Refined Sunflower Oil Pouch,21000,5,6,19900,1000,0,1,1100,19.9,Available
Cooking Essentials,Parachute Oil ,4000,7,3,3700,100,0,100,300,37,Available
Cooking Essentials,Popular Essentials Plain Puffed Rice (Murmura/Muri),1800,0,6,1800,100,0,100,0,18,Available
Cooking Essentials,Amul Mithai Mate Condensed Sweetened Milk,5600,3,4,5400,200,0,200,200,27,Available
Cooking Essentials,Saffola Gold (Jar),124000,0,6,124000,5000,0,5,0,24.8,Available
Cooking Essentials,McCain New Mini Samosa with Cheese Pizza Style Filling,12000,1,3,11800,240,0,240,200,49.16666667,Available
Cooking Essentials,Fortune Rice Bran Health Oil (Jar),105000,1,6,103900,5000,0,5,1100,20.78,Available
Cooking Essentials,Arden Desi Eggs,11000,13,4,9500,348,0,6,1500,27.29885057,Available
Cooking Essentials,Fortune Rozana Basmati Rice,58500,21,6,46200,5000,0,5,12300,9.24,Available
Cooking Essentials,Fortune Biriyani Special Basmati Rice,17500,0,5,17500,1000,0,1,0,17.5,Available
Cooking Essentials,Everest Garam Masala,7800,7,5,7200,100,0,100,600,72,Available
Cooking Essentials,Popular Essentials Pumpkin Seeds,9000,16,6,7500,100,0,100,1500,75,Available
Cooking Essentials,Fortune Soya Health Refined Soybean Oil,21000,1,2,20600,1000,0,1,400,20.6,Available
Cooking Essentials,Gowardhan Pure Ghee Pouch,29500,4,6,28100,500,0,500,1400,56.2,Available
Cooking Essentials,Popular Essentials Jeera/Cumin Seeds,4000,5,3,3800,100,0,100,200,38,Available
Cooking Essentials,Weikfield Baking Soda,3000,3,6,2900,100,0,100,100,29,Available
Cooking Essentials,Everest Pav Bhaji Masala,3700,10,4,3300,50,0,50,400,66,Available
Cooking Essentials,Tata Sampann Unpolished Chana Dal,9500,6,2,8900,1000,0,500,600,8.9,Available
Cooking Essentials,Amul Mithai Mate EOE Tin,11200,2,6,10900,400,0,400,300,27.25,Available
Cooking Essentials,Pillsbury Chakki Fresh Atta,45000,16,6,37500,10000,0,10,7500,3.75,Available
Cooking Essentials,Everest Chicken Masala,3900,2,1,3800,50,0,50,100,76,Available
Cooking Essentials,Dhara Life Refined Ricebran Oil (Pouch),20500,7,6,19000,1000,0,1,1500,19,Available
Cooking Essentials,Borges Extra Virgin Olive Oil,40000,25,1,29900,250,0,250,10100,119.6,Available
Cooking Essentials,Everest Shahi Biryani Masala,7000,14,6,6000,50,0,50,1000,120,Available
Cooking Essentials,Popular Essentials Californian Almond,35000,28,6,25100,250,0,250,9900,100.4,Available
Cooking Essentials,Popular Essentials Ajwain Whole,2500,0,4,2500,50,0,50,0,50,Available
Cooking Essentials,Everest Tikhalal Chilli Powder,23500,9,6,21200,500,0,500,2300,42.4,Available
Cooking Essentials,Popular Essentials Kabuli Chana Regular,8500,9,6,7700,500,0,500,800,15.4,Available
Cooking Essentials,Popular Essentials Saunf/Fennel Seeds,4500,2,6,4400,100,0,100,100,44,Available
Cooking Essentials,Popular Essentials Bansi Sooji,3500,2,3,3400,500,0,500,100,6.8,Available
Cooking Essentials,Happilo Premium International Queen Kalmi Dates,24500,29,6,17200,200,0,200,7300,86,Available
Cooking Essentials,Tata Sampann Unpolished Urad Whole,10100,6,4,9400,500,0,500,700,18.8,Available
Cooking Essentials,Popular Essentials Cashew Split,32500,12,6,28300,250,0,250,4200,113.2,Available
Cooking Essentials,Popular Essentials Chana Dal (Un-Polished),6000,10,6,5400,500,0,500,600,10.8,Available
Cooking Essentials,Tata Sampann Unpolished Rajma (Chitra),13400,6,6,12500,500,0,500,900,25,Available
Cooking Essentials,Everest Kitchen King Masala,7000,14,2,6000,100,0,100,1000,60,Available
Cooking Essentials,24 Mantra Organic Cumin,7000,7,2,6500,100,0,100,500,65,Available
Cooking Essentials,Nestle Milkmaid,13200,3,6,12800,400,0,400,400,32,Available
Cooking Essentials,Popular Essentials Sona Masouri Steam Rice,6500,9,6,5900,1000,0,1,600,5.9,Available
Cooking Essentials,24 Mantra Organic Tur Dal,26000,20,6,20800,1000,0,1,5200,20.8,Available
Cooking Essentials,Gits Gulab Jamun Instant Dessert Mix,9900,10,6,8900,200,0,200,1000,44.5,Available
Cooking Essentials,Popular Essentials Black Masoor Whole (Un-Polished),6500,10,3,5800,500,0,500,700,11.6,Available
Cooking Essentials,24 Mantra Organic Peanuts,13500,7,1,12500,500,0,500,1000,25,Available
Cooking Essentials,Everest Hingraj Powder,9000,10,2,8100,50,0,50,900,162,Available
Cooking Essentials,Everest Black Pepper Powder,13500,14,6,11500,100,0,100,2000,115,Available
Cooking Essentials,Tata Sampann Masoor Dal Stand,15000,10,4,13400,1000,0,1,1600,13.4,Available
Cooking Essentials,24 Mantra Organic Besan,9500,7,5,8800,500,0,500,700,17.6,Available
Cooking Essentials,Saffola Gold Refined Cooking Oil (Jar),48500,7,6,44900,2000,0,2,3600,22.45,Available
Cooking Essentials,Nestle Everyday Dairy Whitener,21000,0,4,21000,400,0,400,0,52.5,Available
Cooking Essentials,24 Mantra Organic Red Poha,7500,8,1,6900,500,0,500,600,13.8,Available
Cooking Essentials,Everest Powder - Tea Masala,9800,9,5,8900,100,0,100,900,89,Available
Cooking Essentials,Tata Sampann Urad Dal Split,9400,4,6,9000,500,0,500,400,18,Available
Cooking Essentials,Popular Essentials Idli Sooji ,3000,6,6,2800,500,0,500,200,5.6,Available
Cooking Essentials,Popular Essentials Dessicated Coconut,9500,9,6,8600,200,0,200,900,43,Available
Cooking Essentials,Sunfeast Yippee! Mood Masala Noodles,6000,28,3,4300,260,0,260,1700,16.53846154,Available
Cooking Essentials,Chef's Basket Durum Wheat Elbow Pasta,16000,50,6,8000,500,0,500,8000,16,Available
Cooking Essentials,MTR Breakfast Khatta Meetha Poha Mix,2500,20,6,2000,60,0,60,500,33.33333333,Available
Cooking Essentials,Satyam Khobra,11300,10,5,10100,200,0,200,1200,50.5,Available
Cooking Essentials,Betty Crocker Complete Pancake Mix Original,11000,4,6,10500,250,0,500,500,42,Available
Cooking Essentials,Borges Durum Wheat Fusilli Pasta ,25000,0,3,25000,500,0,500,0,50,Available
Cooking Essentials,24 Mantra Organic Green Moong Dal - Split,13500,0,2,13500,500,0,500,0,27,Available
Cooking Essentials,Weikfield Vanilla Flavoured Custard Powder,3700,0,6,3700,100,0,100,0,37,Available
Cooking Essentials,Tata Sampann Moong Dal Split,18000,1,5,17800,1000,0,200,200,17.8,Available
Cooking Essentials,Tata Sampann Kala Chana,6400,0,5,6400,500,0,500,0,12.8,Available
Cooking Essentials,Saffola Soya Chunks Mealmaker,5000,0,2,5000,200,0,200,0,25,Available
Cooking Essentials,24 Mantra Bura Sugar (Demerara),8000,10,6,7200,500,0,500,800,14.4,Available
Cooking Essentials,Popular Essentials Green Cardamom (Elaichi),20000,1,6,19800,50,0,50,200,396,Available
Cooking Essentials,Hershey's Syrup Delicious Strawberry,9500,0,1,9500,200,0,200,0,47.5,Available
Cooking Essentials,Popular Essentials Anjeer,19000,11,4,16900,100,0,100,2100,169,Available
Cooking Essentials,Popular Essentials Mustard Seeds Rai Small,2000,0,2,2000,100,0,100,0,20,Available
Cooking Essentials,Weikfield Baking Powder,3300,3,6,3200,100,0,100,100,32,Available
Cooking Essentials,Dabur Honey Squeezy,18500,9,6,16700,225,0,225,1800,74.22222222,Available
Cooking Essentials,Tata Sampann High Protein Kali Urad,9100,14,6,7800,500,0,500,1300,15.6,Available
Cooking Essentials,Chef's Basket Durum Wheat Fusilli Pasta,16000,50,6,8000,500,0,500,8000,16,Available
Cooking Essentials,TilSona Til Oil,18000,10,2,16200,500,0,500,1800,32.4,Available
Cooking Essentials,Top Ramen Chicken Noodles,6000,10,1,5400,280,0,280,600,19.28571429,Available
Cooking Essentials,Everest Chaat Masala,3500,2,1,3400,50,0,50,100,68,Available
Cooking Essentials,Keya Wonder Red Hot Chilli Flakes,8900,10,2,8000,40,0,40,900,200,Available
Cooking Essentials,Popular Essentials White Peas (Un-Polished),8000,10,5,7200,500,0,500,800,14.4,Available
Cooking Essentials,Chingâ€™s Secret Chowmein Hakka Noodles Masala ,4400,0,2,4400,60,0,60,0,73.33333333,Available
Cooking Essentials,Dhara Filtered Groundnut Oil (Jar),105000,1,6,103500,5000,0,5,1500,20.7,Available
Cooking Essentials,Pillsbury Choco Chip Pancake Mix,9900,5,6,9400,165,0,165,500,56.96969697,Available
Cooking Essentials,Hershey's Caramel Syrup,23000,0,1,23000,623,0,623,0,36.91813804,Available
Cooking Essentials,Pillsbury Multi Grain Atta,6000,6,3,5600,1000,0,1,400,5.6,Available
Cooking Essentials,McCain New Mini Samosa with Cheese Corn Style Filling,12000,1,2,11800,240,0,240,200,49.16666667,Available
Cooking Essentials,Satyam Puffed Rice Kurmura (A),4300,0,6,4300,200,0,200,0,21.5,Available
Cooking Essentials,MTR 3 Min Poha,2500,0,6,2500,60,0,60,0,41.66666667,Available
Cooking Essentials,Ching's Manchurian Instant Noodles,1500,0,5,1500,60,0,60,0,25,Available
Cooking Essentials,Hershey's Chocolate Flavour Syrup,22000,6,6,20500,623,0,680,1500,32.90529695,Available
Cooking Essentials,Popular Essentials Dhania (Coriander Seeds),5500,16,4,4600,200,0,200,900,23,Available
Cooking Essentials,24 Mantra Red Chilly Whole,7000,7,1,6500,100,0,100,500,65,Available
Cooking Essentials,Dabur Honey - World's No.1,12000,0,6,12000,250,0,250,0,48,Available
Cooking Essentials,24 Mantra Organic Puffed Rice,4000,2,6,3900,200,0,200,100,19.5,Available
Cooking Essentials,24 Mantra Organic Wheat Daliya ,4800,2,2,4700,500,0,500,100,9.4,Available
Cooking Essentials,24 Mantra Organic Ragi Flour,6500,20,4,5200,500,0,500,1300,10.4,Available
Cooking Essentials,Popular Essentials Cinnamon Whole (Dalchini),3500,5,6,3300,25,0,25,200,132,Available
Cooking Essentials,Sundrop Super Lite Advanced - Sunflower Oil,21500,0,4,21500,1000,0,1,0,21.5,Available
Cooking Essentials,Pillsbury Atta/Godihittu - Chakki Fresh,10200,7,4,9400,2000,0,2,800,4.7,Available
Cooking Essentials,Popular Essentials Green Moong Chilka/Chilka (Un-Polished),8500,7,5,7900,500,0,500,600,15.8,Available
Cooking Essentials,Popular Essentials HMT Kolam Steam,7500,0,3,7500,1000,0,1,0,7.5,Available
Cooking Essentials,Popular Essentials Black Urad Split,8000,10,4,7200,500,0,500,800,14.4,Available
Cooking Essentials,Keya Oregano,10900,10,5,9800,9,0,9,1100,1088.888889,Available
Cooking Essentials,Popular Essentials Pink Rajma,10000,10,6,9000,500,0,500,1000,18,Available
Cooking Essentials,Everest Shahi Paneer Masala,4200,4,5,4000,50,0,50,200,80,Available
Cooking Essentials,Godrej Yummiez Chicken Nuggets,32500,9,1,29300,500,0,500,3200,58.6,Available
Cooking Essentials,Flying Bird Vanilla Essence,3500,2,6,3400,20,0,20,100,170,Available
Cooking Essentials,Everest Sabji Masala,3000,3,6,2900,50,0,50,100,58,Available
Cooking Essentials,Cornitos Cornitos Taco Shells - 4 Inches,11000,20,6,8800,80,0,80,2200,110,Available
Cooking Essentials,Everest Rajma Masala,3300,3,5,3200,50,0,50,100,64,Available
Cooking Essentials,Popular Essentials White Til,4000,5,1,3800,100,0,100,200,38,Available
Cooking Essentials,Amul Dark Compound Chocolate Slab,12500,2,6,12200,500,0,500,300,24.4,Available
Cooking Essentials,Mothers Recipe Papad Chana Masala,7900,10,6,7100,200,0,200,800,35.5,Available
Cooking Essentials,Ching's Schezwan Masala Instant Noodles,6000,0,1,6000,240,0,240,0,25,Available
Cooking Essentials,Amul Milk Compound Chocolate Slab,11000,2,6,10700,500,0,500,300,21.4,Available
Cooking Essentials,Eastern Chicken Masala,7000,7,3,6500,100,0,100,500,65,Available
Cooking Essentials,Popular Essentials Methi Seeds,2500,0,5,2500,100,0,100,0,25,Available
Cooking Essentials,Saffola Yummy Masala Noodles ,2000,0,2,2000,46,0,46,0,43.47826087,Available
Cooking Essentials,Cadbury Hot Chocolate,17500,5,6,16600,200,0,200,900,83,Available
Cooking Essentials,Ching's Chicken Chilli Masala,1000,0,6,1000,20,0,20,0,50,Available
Cooking Essentials,Dabur Keora water - Authentic flavour for Biryani's and Desserts,6200,6,6,5800,250,0,250,400,23.2,Available
Cooking Essentials,Popular Essentials Black Cardamom/Elaichi ,10000,10,6,9000,50,0,50,1000,180,Available
Cooking Essentials,Popular Essentials Idli Rice,6000,10,4,5400,1000,0,1,600,5.4,Available
Cooking Essentials,Everest Chole Masala,3300,3,1,3200,50,0,50,100,64,Available
Cooking Essentials,Dabur Hommade Tamarind Paste,4800,6,6,4500,200,0,200,300,22.5,Available
Cooking Essentials,"""Maggi Magic Cubes, Vegetarian Masala (Free 2 Cubes Inside)""",3500,2,6,3400,48,0,48,100,70.83333333,Available
Cooking Essentials,Popular Essentials Cooking Soda,3000,10,6,2700,200,0,200,300,13.5,Available
Cooking Essentials,RRO Primio Refined Groundnut Oil Pet Bottle,25500,6,2,23900,1000,0,1,1600,23.9,Available
Cooking Essentials,Everest Pani Puri Masala,3100,3,6,3000,50,0,50,100,60,Available
Cooking Essentials,Nissin Cup Noodles Tangy Tomato,5000,10,2,4500,70,0,70,500,64.28571429,Available
Cooking Essentials,Ching's Veg Manchurian Masala,1000,0,2,1000,20,0,20,0,50,Available
Cooking Essentials,Ceres Foods Fish Mustard Instant Liquid Masala,22000,50,6,11000,200,0,200,11000,55,Available
Cooking Essentials,24 Mantra Organic Jowar Flour,7000,7,6,6500,500,0,500,500,13,Available
Cooking Essentials,Maggi Coconut Milkpowder,10000,0,6,10000,100,0,100,0,100,Available
Cooking Essentials,On1y Pepper Grinder,15900,9,1,14400,50,0,50,1500,288,Available
Cooking Essentials,Popular Essentials Rice Flour,6000,0,3,6000,1000,0,1,0,6,Available
Cooking Essentials,Sunfeast Yippee! Pasta Treat - Sour Cream Onion,2800,10,1,2500,65,0,65,300,38.46153846,Available
Cooking Essentials,24 Mantra Organic Brown Sona Masoori Rice,9500,0,6,9500,1000,0,1,0,9.5,Available
Cooking Essentials,Happilo Premium Afghani Anjeer,36500,29,2,25600,200,0,200,10900,128,Available
Cooking Essentials,Popular Essentials Chiroti Sooji,3500,2,6,3400,500,0,500,100,6.8,Available
Cooking Essentials,RRO Til Dil Premium Til Oil Bottle,33000,10,5,29400,1000,0,1,3600,29.4,Available
Cooking Essentials,Popular Essentials Red Rajma,9000,10,6,8100,500,0,500,900,16.2,Available
Cooking Essentials,Cornitos Peanut - Premium Salted ,12000,10,6,10800,150,0,150,1200,72,Available
Cooking Essentials,Popular Essentials Black Pepper,10000,10,5,9000,100,0,100,1000,90,Available
Cooking Essentials,24 Mantra Organic Tur Dal - Split,13000,7,6,12000,500,0,500,1000,24,Available
Cooking Essentials,Sugarfree Gold Low Calorie Sweetner,6500,6,3,6100,110,0,100,400,55.45454545,Available
Cooking Essentials,Ching's Secret Paneer Chilli Masala,1000,0,2,1000,20,0,20,0,50,Available
Cooking Essentials,Dabur Honey ,22000,7,3,20400,500,0,500,1600,40.8,Available
Cooking Essentials,Everest Tea Masala,5500,9,2,5000,50,0,50,500,100,Available
Cooking Essentials,Ching's Paneer Chilli Masala,4400,0,4,4400,60,0,60,0,73.33333333,Available
Cooking Essentials,Sunfeast YiPPee! Magic Masala Noodles,7000,10,3,6300,405,0,405,700,15.55555556,Available
Cooking Essentials,Everest Meat Masala Powder,7400,9,3,6700,100,0,100,700,67,Available
Cooking Essentials,Pillsbury Atta With Multigrains Wheat Grains,29500,16,6,24500,5000,0,5,5000,4.9,Available
Cooking Essentials,Mother's Recipe Tamarind Paste,5000,2,6,4900,200,0,200,100,24.5,Available
Cooking Essentials,Quaker Oats Breakfast Cereals - With Flavour Mix Nutritious Rich Source Of Energy,4900,8,6,4500,200,0,200,400,22.5,Available
Cooking Essentials,Popular Essentials Cloves (Lavang),7500,17,6,6200,50,0,50,1300,124,Available
Cooking Essentials,Sunfeast Yippee! Power Up Atta Noodles,9600,15,6,8100,280,0,280,1500,28.92857143,Available
Cooking Essentials,Suhana Paneer Tikka Masala Mix,4000,5,6,3800,50,0,50,200,76,Available
Cooking Essentials,24 Mantra Turmeric Powder,3500,2,6,3400,100,0,100,100,34,Available
Cooking Essentials,24 Mantra Super Grain Quinoa,19000,0,4,19000,500,0,500,0,38,Available
Cooking Essentials,Everest Powder - Egg Curry Masala,4000,2,6,3900,50,0,50,100,78,Available
Cooking Essentials,Popular Essentials Pe Shah Jeera ,6000,15,6,5100,50,0,50,900,102,Available
Cooking Essentials,24 Mantra Organic Sattu Atta,9500,0,6,9500,500,0,500,0,19,Available
Cooking Essentials,Smith & Jones Pasta Masala,4600,0,6,4600,54,0,54,0,85.18518519,Available
Cooking Essentials,Weikfield Vanilla Custard Powder,14200,9,3,12800,500,0,500,1400,25.6,Available
Cooking Essentials,Sugarfree Natura Low Calorie Sweetner ,30000,10,3,27000,42,0,42,3000,642.8571429,Available
Cooking Essentials,Pillsbury Vanilla Custard Powder,3700,2,6,3600,100,0,100,100,36,Available
Cooking Essentials,24 Mantra Organic Rajma,14500,0,6,14500,500,0,500,0,29,Available
Cooking Essentials,Popular Essentials Broken Wheat/Daliya,3500,2,6,3400,500,0,500,100,6.8,Available
Cooking Essentials,Zorabian Chicken Smoked Ham,20500,5,1,19400,250,0,250,1100,77.6,Available
Cooking Essentials,Smith & Jones Peri Peri Masala,9900,0,6,9900,75,0,75,0,132,Available
Cooking Essentials,Popular Essentials Urad Dal Split (Un-Polished),8500,9,5,7700,500,0,500,800,15.4,Available
Cooking Essentials,Popular Essentials Bajra Whole,6500,13,6,5600,1000,0,1,900,5.6,Available
Cooking Essentials,Weikfield Veg Jelly Crystals - Strawberry,4500,2,6,4400,90,0,90,100,48.88888889,Available
Cooking Essentials,Weikfield Veg Jelly Crystals - Raspberry,4500,2,6,4400,90,0,90,100,48.88888889,Available
Cooking Essentials,Popular Essentials Masoor Dal Split (Un-Polished),7000,10,4,6300,500,0,500,700,12.6,Available
Cooking Essentials,Popular Essentials Pista Salted (With Shell),47000,21,5,37100,250,0,250,9900,148.4,Available
Cooking Essentials,The Bake Shop Bread Crumbs,5000,6,3,4700,400,0,400,300,11.75,Available
Cooking Essentials,Popular Essentials Horse Gram,4000,10,4,3600,500,0,500,400,7.2,Available
Cooking Essentials,Hershey's Chocolate Syrup,9500,0,4,9500,200,0,200,0,47.5,Available
Cooking Essentials,Godrej Yummiez Chilli Chicken Sausages ,16000,10,3,14400,250,0,250,1600,57.6,Available
Cooking Essentials,Everest Kasuri Methi,2500,0,6,2500,25,0,25,0,100,Available
Cooking Essentials,Satyam Makhana,20800,0,6,20800,100,0,100,0,208,Available
Cooking Essentials,Everest Tandoori Chicken Masala,3900,2,5,3800,50,0,50,100,76,Available
Cooking Essentials,Weikfield Falooda Mix - Kesar Pista,4900,2,3,4800,200,0,200,100,24,Available
Cooking Essentials,Weikfield Cocoa Powder,7000,7,6,6500,50,0,50,500,130,Available
Cooking Essentials,Pantai Coconut Cream,15000,4,4,14300,400,0,400,700,35.75,Available
Cooking Essentials,Popular Essentials Coriander Seeds,1500,0,5,1500,50,0,50,0,30,Available
Cooking Essentials,Ching's Singapore Curry Instant Noodles,6000,0,4,6000,240,0,240,0,25,Available
Cooking Essentials,Eastern Fish Masala,4800,2,5,4700,100,0,100,100,47,Available
Cooking Essentials,"Oleev Smart Oil Fortified with VIT A, D, E & K (Pouch)",21500,9,4,19400,1000,0,1,2100,19.4,Available
Cooking Essentials,Everest Dry Ginger Powder,7500,9,4,6800,100,0,100,700,68,Available
Cooking Essentials,Pillsbury Cooker Cake Mix - Choco,10000,11,6,8900,159,0,159,1100,55.97484277,Available
Cooking Essentials,Hersheys Chocolate Almond Syrup,20000,0,2,20000,450,0,450,0,44.44444444,Available
Cooking Essentials,Satyam Nighties Spices  Chilli Pandi,5600,7,5,5200,100,0,100,400,52,Available
Cooking Essentials,Popular Essentials Popular Essential Pista Salted (With Shell),19000,10,6,17100,100,0,100,1900,171,Available
Cooking Essentials,Godrej Yummiez Chicken Punjabi Tikka ,29500,9,6,26600,360,0,360,2900,73.88888889,Available
Cooking Essentials,Popular Essentials Rozana Sona Masuri Raw Rice,35000,10,5,31200,5000,0,5,3800,6.24,Available
Cooking Essentials,24 Mantra Mustard Oil (Cold Pressed) ,35000,10,6,31200,1000,0,1,3800,31.2,Available
Cooking Essentials,24 Mantra Organic Black Pepper,17000,7,6,15700,100,0,100,1300,157,Available
Cooking Essentials,Popular Essentials Green Moong Whole,9000,16,3,7500,500,0,500,1500,15,Available
Cooking Essentials,24 Mantra Organic Masoor Dal - Split,9500,7,6,8800,500,0,500,700,17.6,Available
Cooking Essentials,Praakritik Organic Natural Rock Salt,6000,6,3,5600,500,0,500,400,11.2,Available
Cooking Essentials,24 Mantra Sunflower Oil (Cold Pressed) Pet Bottle,39000,11,5,34700,1000,0,1,4300,34.7,Available
Cooking Essentials,"Ching's Secret Instant Noodles, Hot Garlic",6000,0,4,6000,240,0,240,0,25,Available
Cooking Essentials,Saffola Everyday Peppy Tomato Masala Oats,19500,12,6,17100,500,0,500,2400,34.2,Available
Cooking Essentials,Dabur 100% Pure Honey - Worlds No.1,43000,10,6,38700,1000,0,1,4300,38.7,Available
Cooking Essentials,Popular Essentials Star Anise,7000,10,5,6300,25,0,25,700,252,Available
Cooking Essentials,Ching's Secret Chicken 65 Masala - Chicken,1000,0,5,1000,20,0,20,0,50,Available
Cooking Essentials,Cadbury Cocoa Powder,22300,5,6,21100,150,0,150,1200,140.6666667,Available
Cooking Essentials,Praakritik Natural Desi Gir Cow A2 Ghee,145000,10,6,130500,540,0,540,14500,241.6666667,Available
Cooking Essentials,Praakritik Organic Poha,12000,6,5,11200,500,0,500,800,22.4,Available
Cooking Essentials,Praakritik Organic Natural Wild Forest Honey,16000,6,4,15000,200,0,200,1000,75,Available
Cooking Essentials,Popular Essentials Dry Dates (Kharak),14000,15,6,11800,250,0,250,2200,47.2,Available
Cooking Essentials,Popular Essentials Kashmiri Red Rajma,9500,6,4,8900,500,0,500,600,17.8,Available
Cooking Essentials,Dabur Hommade - Garlic Paste,5000,6,6,4700,200,0,200,300,23.5,Available
Cooking Essentials,Dabur 100% Pure Honey,33000,10,1,29700,400,0,400,3300,74.25,Available
Cooking Essentials,Ching's Schezwan Fried Rice(Miracle Masala),4400,0,5,4400,60,0,60,0,73.33333333,Available
Cooking Essentials,"""Maggi Magic Cubes, Vegetarian Masala""",3500,2,1,3400,40,0,40,100,85,Available
Cooking Essentials,Popular Essentials Red Poha,4500,4,6,4300,500,0,500,200,8.6,Available
Cooking Essentials,Pillsbury Oven Cake Mix - Rich Chocolate,16500,10,5,14700,285,0,285,1800,51.57894737,Available
Cooking Essentials,Eastern Super Garam Masala,7400,6,2,6900,200,0,200,500,34.5,Available
Cooking Essentials,Maggi Magic Cubes Extra Chicken,4000,2,6,3900,48,0,48,100,81.25,Available
Cooking Essentials,Satyam Nighties Spices  Chilli Kashmiri,10200,6,6,9500,100,0,100,700,95,Available
Cooking Essentials,Eastern Cumin Powder,4900,2,6,4800,100,0,100,100,48,Available
Cooking Essentials,Popular Essentials Urad Gola White(Un-Polished),9000,10,6,8100,500,0,500,900,16.2,Available
Cooking Essentials,24 Mantra Organic Chana Dal,9500,6,5,8900,500,0,500,600,17.8,Available
Cooking Essentials,Delight Nuts Cashew Roasted & Salted,42500,20,6,34000,200,0,200,8500,170,Available
Cooking Essentials,Popular Essentials Mace/Javitri,9000,10,3,8100,20,0,20,900,405,Available
Cooking Essentials,Dlicia Whip Topping Bottle,23500,27,5,17100,1000,0,1,6400,17.1,Available
Cooking Essentials,Mother's Recipe Paste Ginger & Garlic,7600,10,4,6800,300,0,300,800,22.66666667,Available
Cooking Essentials,24 Mantra Groundnut Oil (Cold Pressed) Pet Bottle,41000,10,6,36900,1000,0,1,4100,36.9,Available
Cooking Essentials,Satyam Pulses Masur Dal,8700,6,6,8100,500,0,500,600,16.2,Available
Cooking Essentials,Delight Nuts Pista Roasted & Salted,42500,20,6,34000,200,0,200,8500,170,Available
Cooking Essentials,"Top Ramen Noodles, Atta",8000,0,1,8000,280,0,280,0,28.57142857,Available
Cooking Essentials,Hershey's Cocoa Powder,9500,0,5,9500,70,0,70,0,135.7142857,Available
Cooking Essentials,Praakritik Organic Singhara Atta,24000,6,4,22500,500,0,500,1500,45,Available
Cooking Essentials,Gits Veg Biryani Ready to Eat,11000,10,6,9900,265,0,265,1100,37.35849057,Available
Cooking Essentials,Delight Nuts Cranberries Sliced ,29900,20,6,23900,200,0,200,6000,119.5,Available
Cooking Essentials,Borges Durum Wheat Pasta Superior Quality,25000,40,6,14900,500,0,500,10100,29.8,Available
Cooking Essentials,Ceres Foods Laal Maas Instant Liquid Masala,22000,50,5,11000,200,0,200,11000,55,Available
Cooking Essentials,Popular Essentials Sattu Atta,9000,12,3,7900,500,0,500,1100,15.8,Available
Cooking Essentials,Popular Essentials Mustard Seeds Rai Yellow,2500,0,5,2500,100,0,100,0,25,Available
Cooking Essentials,Praakritik Organic Extra Virgin Coconut Oil,15000,10,5,13400,100,0,100,1600,134,Available
Cooking Essentials,Praakritik Organic Garlic Powder,11000,1,5,10800,100,0,100,200,108,Available
Cooking Essentials,Sugarfree Gold Low Calorie Sweetner ,12500,5,6,11800,100,0,100,700,118,Available
Cooking Essentials,Aashirvaad Breakfast Instant Mix - Rice Idli,7500,30,6,5200,200,0,200,2300,26,Available
Cooking Essentials,Kitchens Of India Mutter Paneer,13000,4,6,12400,285,0,285,600,43.50877193,Available
Cooking Essentials,Ching's Secret Veg Manchurian Masala,4400,0,6,4400,60,0,60,0,73.33333333,Available
Cooking Essentials,Popular Essentials Jowa Flour,5000,2,5,4900,500,0,500,100,9.8,Available
Cooking Essentials,Popular Essentials Black Til,5000,6,4,4700,100,0,100,300,47,Available
Cooking Essentials,Popular Essentials Pancharatna Dal,8000,10,6,7200,500,0,500,800,14.4,Available
Cooking Essentials,Saffola 100% Pure Honey,47500,8,2,43700,1000,0,750,3800,43.7,Available
Cooking Essentials,Popular Essentials Tamarind,15000,14,6,12800,500,0,500,2200,25.6,Available
Cooking Essentials,Gits Rice Dosa Instant Breakfast Mix,6000,5,5,5700,200,0,200,300,28.5,Available
Cooking Essentials,Popular Essentials Poppy Seeds (Gasagase),28000,7,6,26000,100,0,100,2000,260,Available
Cooking Essentials,Hershey's Hot Chocolate Powder,21000,0,4,21000,250,0,250,0,84,Available
Cooking Essentials,Borges Farfalle Durum Wheat Pasta ,25000,0,5,25000,500,0,500,0,50,Available
Cooking Essentials,Satyam Chilli  Bedgi,8200,10,5,7300,100,0,100,900,73,Available
Cooking Essentials,Aashirvaad Instant Mix - Rice Dosa,7500,30,6,5200,200,0,200,2300,26,Available
Cooking Essentials,Hershey's Cocoa - Natural Unsweetened,27000,10,4,24300,225,0,225,2700,108,Available
Cooking Essentials,Weikfield Veg Jelly Crystals - Mango,4500,2,6,4400,90,0,90,100,48.88888889,Available
Cooking Essentials,Praakritik Orrganic Cold Pressed Sesame Oil,13000,10,5,11700,100,0,100,1300,117,Available
Cooking Essentials,Amulya Dairy Whitener ,38000,2,4,37200,1000,0,1,800,37.2,Available
Cooking Essentials,ITC Master Chef Hyderabadi Biryani,7500,30,5,5200,80,0,80,2300,65,Available
Cooking Essentials,Flying Bird Butter Scotch Essence,5000,2,6,4900,20,0,20,100,245,Available
Cooking Essentials,Dabur Hommade - Ginger Paste,5000,6,6,4700,200,0,200,300,23.5,Available
Cooking Essentials,Popular Essentials Green Peas (Un-Polished),12000,10,5,10800,500,0,500,1200,21.6,Available
Cooking Essentials,Quaker Oats Pouch,27600,10,6,24800,1500,0,1,2800,16.53333333,Available
Cooking Essentials,24 Mantra Organic Urad White Whole,14500,15,4,12200,500,0,500,2300,24.4,Available
Cooking Essentials,Popular Essentials Guntur Chilli Stemless,4000,2,2,3900,100,0,100,100,39,Available
Cooking Essentials,Popular Essentials Moth Whole,9000,10,6,8100,500,0,500,900,16.2,Available
Cooking Essentials,Keya Pizza Seasoning,10900,17,6,9000,45,0,45,1900,200,Available
Cooking Essentials,Keya Piri Piri | Exotic Spices Mix,10900,20,6,8700,80,0,80,2200,108.75,Available
Cooking Essentials,24 Mantra Organic Moong Dal,13500,7,6,12500,500,0,500,1000,25,Available
Cooking Essentials,Betty Crocker French Vanilla Cake Mix,31000,10,6,27600,520,0,520,3400,53.07692308,Available
Cooking Essentials,Delight Nuts Dried Cranberries ,34000,20,6,27200,200,0,200,6800,136,Available
Cooking Essentials,Everest Kesari Milk Masala,20500,0,2,20500,50,0,50,0,410,Available
Cooking Essentials,Tong Garden Salted Cocktail Nuts,29500,9,5,26600,160,0,160,2900,166.25,Available
Cooking Essentials,MTR Uttapam Mix,16500,5,6,15600,500,0,500,900,31.2,Available
Cooking Essentials,Gits Khaman Dhokla Instant Snack Mix,6500,6,6,6100,180,0,180,400,33.88888889,Available
Cooking Essentials,Happilo Premium 100% Natural Whole Cashews,33500,29,6,23500,200,0,200,10000,117.5,Available
Cooking Essentials,Everest Dry Mango Powder,8000,0,5,8000,100,0,100,0,80,Available
Cooking Essentials,Dabur Hommade - Ginger Garlic Past Tub,11000,5,6,10400,400,0,400,600,26,Available
Cooking Essentials,Gits Medu Vada Instant Snack Mix,9000,4,6,8600,200,0,200,400,43,Available
Cooking Essentials,Weikfield Drinking Chocolate Powder,6500,10,6,5800,100,0,100,700,58,Available
Cooking Essentials,Popular Essentials Regular White Lobia,7000,10,6,6300,500,0,500,700,12.6,Available
Cooking Essentials,Puro Healthy Salt Crystal,13500,7,6,12500,1000,0,1,1000,12.5,Available
Cooking Essentials,Popular Essentials Premium Jeera Rice,14000,0,5,14000,1000,0,1,0,14,Available
Cooking Essentials,Smith & Jones Shahi Paneer Masala Mix,4400,0,6,4400,60,0,60,0,73.33333333,Available
Cooking Essentials,Betty Crocker Mug Treats - Chocolate Mix - Pack of 4,20000,11,6,17800,264,0,264,2200,67.42424242,Available
Cooking Essentials,Catch Black Pepper Sprinkler,10000,0,1,10000,50,0,50,0,200,Available
Cooking Essentials,Weikfield Cooker Cake Mix - Chocolate,9500,6,6,8900,150,0,150,600,59.33333333,Available
Cooking Essentials,ITC Master Chef Butter Chicken,7500,30,6,5200,80,0,80,2300,65,Available
Cooking Essentials,Masala Oats Masala & Coriander ,19500,9,5,17600,500,0,500,1900,35.2,Available
Cooking Essentials,Smith & Jones Mutter Paneer Masala,4200,0,6,4200,60,0,60,0,70,Available
Cooking Essentials,Kitchens of India Dal Bukhara Gravy Mix,11000,30,6,7700,285,0,285,3300,27.01754386,Available
Cooking Essentials,Popular Essentials Fried Gram (Bengal Gram),7000,10,6,6300,500,0,500,700,12.6,Available
Cooking Essentials,Gits Jalebi with Maker Dessert Mix,7500,16,6,6300,100,0,100,1200,63,Available
Cooking Essentials,Popular Essentials Soya Beans ,8000,6,6,7500,500,0,500,500,15,Available
Cooking Essentials,24 Mantra Organic Roasted Bengal Gram Dal,10500,7,6,9700,500,0,500,800,19.4,Available
Cooking Essentials,Keya Italian Seasoning,10900,10,6,9800,35,0,35,1100,280,Available
Cooking Essentials,MTR Idli/Dosa/Chilly Chutney Powder,11500,0,3,11500,200,0,200,0,57.5,Available
Cooking Essentials,Delight Nuts Trail Mix ,39900,25,6,29900,200,0,200,10000,149.5,Available
Cooking Essentials,Praakritik Organic Chilka Moong Dal,12000,10,6,10800,500,0,500,1200,21.6,Available
Cooking Essentials,Smith & Jones Garlic & Herbs Masala Mix,9900,0,6,9900,75,0,75,0,132,Available
Cooking Essentials,Eastern Tamarind,6300,0,6,6300,200,0,200,0,31.5,Available
Cooking Essentials,Tong Garden Wasabi Coated Greenpeas Tin,20000,11,6,17800,180,0,180,2200,98.88888889,Available
Cooking Essentials,Flying Bird Pineapple Artifical Food Essence,5000,2,6,4900,20,0,20,100,245,Available
Cooking Essentials,Japanese Choice Udon Noodles,29500,9,6,26600,250,0,250,2900,106.4,Available
Cooking Essentials,Pantai Coconut Milk,15000,0,4,15000,400,0,400,0,37.5,Available
Cooking Essentials,Praakritik Organic Masoor Dal,13000,10,6,11600,500,0,500,1400,23.2,Available
Cooking Essentials,Popular Essentials Classic Sona Masuri Rice,43000,10,6,38700,5000,0,5,4300,7.74,Available
Cooking Essentials,Popular Essentials Salted Murmure ,7000,18,6,5700,400,0,400,1300,14.25,Available
Cooking Essentials,Oleev Active Oil (Pouch),26500,9,6,23900,1000,0,1,2600,23.9,Available
Cooking Essentials,Delight Nuts Dried Blueberries ,54000,20,6,43200,150,0,150,10800,288,Available
Cooking Essentials,Popular Essentials Double Beans White,6000,10,6,5400,250,0,250,600,21.6,Available
Cooking Essentials,Delight Nuts Almond Natural ,34900,20,6,27900,200,0,200,7000,139.5,Available
Cooking Essentials,Praakritik Organic Jaggery,16000,6,6,15000,900,0,900,1000,16.66666667,Available
Cooking Essentials,Praakritik Organic Raw Sugar,9000,6,6,8400,500,0,500,600,16.8,Available
Cooking Essentials,MTR Masala - Sambar Powder,11500,0,4,11500,200,0,200,0,57.5,Available
Cooking Essentials,ITC Master Chef Vegetable Biryani Cooking Paste,7500,30,5,5200,80,0,80,2300,65,Available
Cooking Essentials,Jivana Jaggery,10000,0,2,10000,950,0,950,0,10.52631579,Available
Cooking Essentials,Praakritik Organic Besan,17000,6,6,15900,500,0,500,1100,31.8,Available
Cooking Essentials,MTR Instant Gulab Jamun Mix,19500,9,6,17600,500,0,500,1900,35.2,Available
Cooking Essentials,On1y Mixed Herbs,9900,0,6,9900,14,0,14,0,707.1428571,Available
Cooking Essentials,Popular Essentials Urad Gola Black (Un-Polished),8000,10,6,7200,500,0,500,800,14.4,Available
Cooking Essentials,Gits Dessert Mix China Grass Bombay Halwa,5500,0,4,5500,80,0,80,0,68.75,Available
Cooking Essentials,Praakritik Organic Basmati Rice,17000,0,5,17000,500,0,500,0,34,Available
Cooking Essentials,Ceres Foods Nalli Nihari Instant Liquid Masala,22000,50,6,11000,200,0,200,11000,55,Available
Cooking Essentials,Borges Canola Oil Pet Bottle,39900,0,6,39900,1000,0,1,0,39.9,Available
Cooking Essentials,Suhana Biryani Masala,6600,0,6,6600,50,0,50,0,132,Available
Cooking Essentials,On1y Black Salt Grinder,9900,0,6,9900,100,0,100,0,99,Available
Cooking Essentials,Popular Essentials Nylon Til,4000,2,6,3900,100,0,100,100,39,Available
Cooking Essentials,Pillsbury Rich Choco Oven Cake Mix - Egg Free,17000,6,6,15900,270,0,270,1100,58.88888889,Available
Cooking Essentials,Weikfield Tomato Salsa Instant Pasta,2500,0,1,2500,77,0,77,0,32.46753247,Available
Cooking Essentials,Praakritik Organic Jowar Atta,11000,6,6,10300,500,0,500,700,20.6,Available
Cooking Essentials,Epicurea Thai Jasmine Rice,29500,0,4,29500,500,0,500,0,59,Available
Cooking Essentials,Yummiez Chicken Garlic Fingers Pouch,25000,0,5,25000,400,0,400,0,62.5,Available
Cooking Essentials,RRO Primio Refined Groundnut (Jar),49000,11,6,43600,2000,0,2,5400,21.8,Available
Cooking Essentials,Praakritik Organic Tuvar Dal,14000,0,6,14000,500,0,500,0,28,Available
Cooking Essentials,Cantina Beans Mexican Beans,25000,14,6,21300,410,0,410,3700,51.95121951,Available
Cooking Essentials,Pillsbury Oven Cake Mix - Vanilla,17500,10,6,15600,225,0,225,1900,69.33333333,Available
Cooking Essentials,Hershey's Chocolate Milk Booster,20000,0,6,20000,450,0,450,0,44.44444444,Available
Cooking Essentials,Popular Essentials Byadagi Chilli Stemless,8000,0,6,8000,100,0,100,0,80,Available
Cooking Essentials,Suhana Spice Mix - Chicken Biryani,6600,0,6,6600,50,0,50,0,132,Available
Cooking Essentials,Praakritik Organic Yellow Moon Dal,13500,0,6,13500,500,0,500,0,27,Available
Cooking Essentials,24 Mantra Sona Masuri Brown Rice,47500,10,6,42300,5000,0,5,5200,8.46,Available
Cooking Essentials,24 Mantra Organic Pancharatna Dal - Split,13000,7,6,12000,500,0,500,1000,24,Available
Cooking Essentials,24 Mantra Organic Cumin Powder,7000,0,6,7000,100,0,100,0,70,Available
Cooking Essentials,Popular Essentials Samba Broken Wheat,10000,11,6,8900,500,0,500,1100,17.8,Available
Cooking Essentials,Betty Crocker Chocolate Fudge Cake Mix,29500,0,6,29500,475,0,475,0,62.10526316,Available
Cooking Essentials,Borges Extra Light Olive Oil Bottle ,260000,46,6,139900,2000,0,2,120100,69.95,Available
Cooking Essentials,Flying Bird Premium Orange Artificial Food Essence,6000,0,6,6000,20,0,20,0,300,Available
Cooking Essentials,Popular Essentials Red Cherry/Gundu Chilli,9500,0,6,9500,100,0,100,0,95,Available
Cooking Essentials,Super Saver Kolam Rice Sortex Clean ,70000,10,3,63000,5000,0,5,7000,12.6,Available
Cooking Essentials,Flying Bird Food Essence - Kewra,5000,0,6,5000,20,0,20,0,250,Available
Cooking Essentials,MTR Vada Breakfast,20000,0,1,20000,500,0,500,0,40,Available
Cooking Essentials,On1y Pasta Seasoning,9900,0,6,9900,30,0,30,0,330,Available
Cooking Essentials,Praakritik Organic Indrayani Rice,7000,0,6,7000,500,0,500,0,14,Available
Cooking Essentials,On1y Pizza Seasoning,9900,0,6,9900,28,0,28,0,353.5714286,Available
Cooking Essentials,Kitchens of India Mutter Paneer Mix,12000,30,4,8400,285,0,285,3600,29.47368421,Available
Cooking Essentials,Aashirvaad Svasti Cow Ghee Tetra Pack,29500,0,6,29500,500,0,500,0,59,Available
Cooking Essentials,Weikfield Cooker Cake Mix - Vanilla,9500,0,6,9500,150,0,150,0,63.33333333,Available
Cooking Essentials,Praakritik Organic Kapli Wheat Atta,16500,10,6,14700,1000,0,1,1800,14.7,Available
Cooking Essentials,Epicurea Sushi Rice,29500,0,6,29500,500,0,500,0,59,Available
Cooking Essentials,Sugarfree Natural Green Stevia Leaves Zero Calorie,7500,0,2,7500,100,0,100,0,75,Available
Cooking Essentials,Smith & Jones Italian Spices Masala Mix,9900,0,6,9900,75,0,75,0,132,Available
Cooking Essentials,Satyam Nighties Spices  Chilli Bore,8900,10,6,8000,100,0,100,900,80,Available
Cooking Essentials,Weikfield Veg Jelly Crystals - Orange,4500,2,6,4400,90,0,90,100,48.88888889,Available
Cooking Essentials,Praakritik Organic Jumbo Rolled Oats,19000,11,6,16900,500,0,500,2100,33.8,Available
Cooking Essentials,On1y Sea Salt Grinder,8900,0,6,8900,100,0,100,0,89,Available
Cooking Essentials,Delight Nuts Berries Mix ,39900,20,6,31900,200,0,200,8000,159.5,Available
Cooking Essentials,Praakritik Organic Ginger Powder,13900,10,6,12500,100,0,100,1400,125,Available
Cooking Essentials,Suhana Mutton Gravy Mix,4500,0,4,4500,80,0,80,0,56.25,Available
Cooking Essentials,On1y Salad Seasoning Grinder,13900,0,6,13900,45,0,45,0,308.8888889,Available
Cooking Essentials,Figaro Pure Olive Oil,32500,8,1,29900,200,0,200,2600,149.5,Available
Cooking Essentials,Madhur Sugar,6000,6,0,5600,1000,1,1,400,5.6,out of stock
Cooking Essentials,Madhur Pure And Hygienic Sugar,29500,9,0,26600,5000,1,5,2900,5.32,out of stock
Cooking Essentials,Satyam Poha Jada,3500,8,0,3200,500,1,500,300,6.4,out of stock
Cooking Essentials,Aashirvaad Superior MP Whole Wheat Atta,5300,1,0,5200,1000,1,1,100,5.2,out of stock
Cooking Essentials,Maggi Masala Ae Magic,5800,6,0,5400,72,1,72,400,75,out of stock
Cooking Essentials,Aashirvaad Iodised Salt ,2200,13,0,1900,1000,1,1,300,1.9,out of stock
Cooking Essentials,Maggi 2-Minute Instant Noodles - Masala,4400,0,0,4400,280,1,280,0,15.71428571,out of stock
Cooking Essentials,Popular Essentials Phool Makhana (Jumbo Size),15000,14,0,12800,100,1,100,2200,128,out of stock
Cooking Essentials,Aashirvaad Atta With Mutigrains,31500,8,0,28700,5000,1,5,2800,5.74,out of stock
Cooking Essentials,Tata Sampann Poha,4400,6,0,4100,500,1,500,300,8.2,out of stock
Cooking Essentials,Fortune Besan Flour,12000,0,0,12000,1000,1,1,0,12,out of stock
Cooking Essentials,Everest Tikhalal Hot & Red Chilly Powder,4700,2,0,4600,100,1,100,100,46,out of stock
Cooking Essentials,Popular Essentials Chia Seeds,5000,2,0,4900,100,1,100,100,49,out of stock
Cooking Essentials,Tata Sampann Unpolished Toor Dal/Arhar Dal,17900,1,0,17700,1000,1,200,200,17.7,out of stock
Cooking Essentials,Everest Coriander Powder,3200,3,0,3100,100,1,100,100,31,out of stock
Cooking Essentials,Satyam Thin Poha Patla,3800,7,0,3500,500,1,500,300,7,out of stock
Cooking Essentials,Popular Essentials Sona Masouri Raw Rice,7500,0,0,7500,1000,1,1,0,7.5,out of stock
Cooking Essentials,Tata Sampann High Protien Chana Dal - Split,6400,0,0,6400,500,1,500,0,12.8,out of stock
Cooking Essentials,Satyam Singdana ,11900,6,0,11100,500,1,500,800,22.2,out of stock
Cooking Essentials,Tata Sampann Moong Chilka ,8800,6,0,8200,500,1,500,600,16.4,out of stock
Cooking Essentials,Tata Sampann High Protien Toor Dal - Split,9100,2,0,8900,500,1,500,200,17.8,out of stock
Cooking Essentials,Ching's Chow Mein Hakka Noodles Masala,1000,0,0,1000,20,1,20,0,50,out of stock
Cooking Essentials,Everest Chat Masala,6500,9,0,5900,100,1,100,600,59,out of stock
Cooking Essentials,Popular Essentials Black Brown Chana (Un-Polished),5500,9,0,5000,500,1,500,500,10,out of stock
Cooking Essentials,Ching's Secret Veg Hakka Noodles,10700,0,0,10700,600,1,600,0,17.83333333,out of stock
Cooking Essentials,Saffola Oats 100 % Natural,1500,0,0,1500,38,1,38,0,39.47368421,out of stock
Cooking Essentials,Everest Kashmiri Lal Chilli Powder,31000,10,0,27900,500,1,500,3100,55.8,out of stock
Cooking Essentials,Popular Essentials Black Raisins Seedless,6000,10,0,5400,100,1,100,600,54,out of stock
Cooking Essentials,Daawat Rozana Super Basmati Rice,7900,0,0,7900,1000,1,1,0,7.9,out of stock
Cooking Essentials,Everest Cumin Powder (Jeera),3000,3,0,2900,50,1,50,100,58,out of stock
Cooking Essentials,Everest Sambhar Masala,3400,2,0,3300,50,1,50,100,66,out of stock
Cooking Essentials,Maggi Chilly Chow Cuppa Noodles,5000,0,0,5000,70,1,70,0,71.42857143,out of stock
Cooking Essentials,Popular Essentials Mustard Seeds Rai Big,2000,0,0,2000,100,1,100,0,20,out of stock
Cooking Essentials,Patanjali Cow's Ghee,56500,0,0,56500,1000,1,1,0,56.5,out of stock
Cooking Essentials,Everest Amchur Powder,4200,2,0,4100,50,1,50,100,82,out of stock
Cooking Essentials,Daawat Super Basmati Rice,18500,8,0,16900,1000,1,1,1600,16.9,out of stock
Cooking Essentials,Popular Essentials Sabudana,6000,10,0,5400,500,1,500,600,10.8,out of stock
Cooking Essentials,Popular Essentials Brown Sugar,4000,0,0,4000,500,1,500,0,8,out of stock
Cooking Essentials,Sunfeast Yippee! Magic Masala Noodles,4800,6,0,4500,240,1,240,300,18.75,out of stock
Cooking Essentials,Tata Tea Gold,3500,0,0,3500,100,1,200,0,35,out of stock
Cooking Essentials,Daawat Rozana Gold Basmati Rice,9000,1,0,8900,1000,1,1,100,8.9,out of stock
Cooking Essentials,Top Ramen Masala,9100,9,0,8200,560,1,560,900,14.64285714,out of stock
Cooking Essentials,Everest Turmeric Powder,6700,10,0,6000,200,1,200,700,30,out of stock
Cooking Essentials,Popular Essentials Buckwheat Flour (Kuttu Atta),12500,9,0,11300,500,1,500,1200,22.6,out of stock
Cooking Essentials,Keya Italian Pizza Oregano,10900,11,0,9700,80,1,80,1200,121.25,out of stock
Cooking Essentials,Chef's Basket Durum Wheat Penne Pasta,16000,50,0,8000,500,1,500,8000,16,out of stock
Cooking Essentials,India Gate Basmati Rice,21000,0,0,21000,1000,1,1,0,21,out of stock
Cooking Essentials,24 Mantra Organic Whole Wheat Atta,6400,7,0,5900,1000,1,1,500,5.9,out of stock
Cooking Essentials,Zorabian Chicken Kheema Parathas,19000,0,0,19000,300,1,300,0,63.33333333,out of stock
Cooking Essentials,Sunfeast Pasta Treat Pack of Tomato Cheese,2800,17,0,2300,65,1,65,500,35.38461538,out of stock
Cooking Essentials,Sugarlite 50% Less Calories Sugar Pouch,9900,40,0,5900,500,1,500,4000,11.8,out of stock
Cooking Essentials,Popular Essentials Sabja/Basil Seeds,6000,15,0,5100,100,1,100,900,51,out of stock
Cooking Essentials,Patanjali Pure Honey,9500,0,0,9500,250,1,250,0,38,out of stock
Cooking Essentials,Weikfield Falooda Mix - Mango,4900,2,0,4800,200,1,200,100,24,out of stock
Cooking Essentials,Pro Nature Organic Sonamasoori Brown Rice,10200,7,0,9400,1000,1,1,800,9.4,out of stock
Cooking Essentials,Maggi Special Masala Spicy Yummy Noodles,7200,0,0,7200,280,1,280,0,25.71428571,out of stock
Cooking Essentials,Godrej Yummiez Chicken Breakfast Salami,15000,4,0,14300,250,1,250,700,57.2,out of stock
Cooking Essentials,Everest Saffron Kesar,12000,0,0,12000,1,1,0,0,12000,out of stock
Munchies,Maggi 2 Minute Masala Noodles,1200,0,6,1200,70,0,70,0,17.14285714,Available
Munchies,iD Idli & Dosa Batter ,8000,15,6,6800,1000,0,1,1200,6.8,Available
Munchies,Tata Salt,2400,0,6,2400,1000,0,1,0,2.4,Available
Munchies,Arden Eggs White,9700,0,4,9700,696,0,12,0,13.93678161,Available
Munchies,Fortune Sunlite Refined Sunflower (Pouch),23000,4,6,21900,1000,0,1,1100,21.9,Available
Munchies,Aashirvaad Superior MP Atta,25000,2,6,24500,5000,0,5,500,4.9,Available
Munchies,Amul Pure Ghee (Pouch),25500,2,6,24900,500,0,500,600,49.8,Available
Munchies,Arden Eggs Brown,8500,7,4,7900,348,0,6,600,22.70114943,Available
Munchies,Tata Salt Lite,4000,10,6,3600,1000,0,1,400,3.6,Available
Munchies,Saffola Gold Oil (Pouch),21500,0,6,21500,1000,0,1,0,21.5,Available
Munchies,Fortune Sunlite Refined Sunflower (Jar),92500,0,6,92500,5000,0,5,0,18.5,Available
Munchies,Fortune Rice Bran (Pouch),22500,11,6,19900,1000,0,1,2600,19.9,Available
Munchies,Saffola Active Oil,21000,0,6,21000,1000,0,1,0,21,Available
Munchies,Aashirvaad Atta,46000,13,6,39900,10000,0,10,6100,3.99,Available
Munchies,Popular Essentials Toor Dal (Un-Polished),16000,6,4,14900,1000,0,1,1100,14.9,Available
Munchies,Amul Ghee (Tin),52000,2,6,50900,1000,0,1,1100,50.9,Available
Munchies,Amul Fresh Cream,19700,3,3,19100,1000,0,1,600,19.1,Available
Munchies,Popular Essentials Pure Jaggery,5000,2,6,4900,450,0,450,100,10.88888889,Available
Munchies,Aashirvaad Multigrain Atta,6400,3,2,6200,1000,0,1,200,6.2,Available
Munchies,Fortune Soyabean Oil,100500,0,6,99900,5000,0,5,600,19.98,Available
Munchies,Popular Essentials Sunflower Seeds,2500,0,6,2500,50,0,50,0,50,Available
Munchies,Tata Sampann kabuli chana,18500,1,4,18300,1000,0,500,200,18.3,Available
Munchies,Dhara Groundnut Oil (Pouch),23000,11,6,20300,1000,0,1,2700,20.3,Available
Munchies,Dhara Health Refined Sun Flower Oil Jar,120000,18,6,98400,5000,0,5,21600,19.68,Available
Munchies,24 Mantra Organic Jaggery Powder,8000,15,6,6800,500,0,500,1200,13.6,Available
Munchies,Tata Sampann High Protien Kabuli Chana,9400,0,1,9400,500,0,500,0,18.8,Available
Munchies,Dhara Kachi Ghani Mustard Oil Jar,125000,8,6,114300,5000,0,5,10700,22.86,Available
Munchies,D'lecta Dairy Cream,5400,5,6,5100,200,0,200,300,25.5,Available
Munchies,Ching's Secret Instant Hot Garlic Noodles,1500,0,3,1500,60,0,60,0,25,Available
Munchies,Dabur Ginger Garlic Paste,2500,8,3,2300,100,0,100,200,23,Available
Munchies,Ching's Secret Instant Schezwan Noodles,1500,0,6,1500,60,0,60,0,25,Available
Munchies,Gowardhan Ghee/Tuppa Jar,31500,1,6,30900,500,0,500,600,61.8,Available
Munchies,Tata Sampann Unpolished Moong Dal ,9200,4,4,8800,500,0,500,400,17.6,Available
Munchies,Aashirvaad Select Atta,6400,0,6,6400,1000,0,1,0,6.4,Available
Munchies,Popular Essentials Misri Dana (Diamond Sugar) ,1500,0,4,1500,100,0,100,0,15,Available
Munchies,Gowardhan Ghee Jar,59800,3,6,57900,1000,0,1,1900,57.9,Available
Munchies,Top Ramen  Noodles Curry Veg Pouch,2000,0,1,2000,70,0,70,0,28.57142857,Available
Munchies,Popular Essentials Refined Sugar,6000,0,6,6000,1000,0,1,0,6,Available
Munchies,Fortune Kachi Ghani Mustard Oil Bottle,21600,7,6,19900,1000,0,1,1700,19.9,Available
Munchies,Saffola Veggie Twist Masala Oats,1500,0,6,1500,38,0,38,0,39.47368421,Available
Munchies,Satyam Puffed Rice Kurmura (R),2300,0,6,2300,200,0,200,0,11.5,Available
Munchies,Quaker Oats,7900,0,2,7900,400,0,400,0,19.75,Available
Munchies,Aashirvaad Select Sharbati Atta,31500,10,6,28300,5000,0,5,3200,5.66,Available
Munchies,Gowardhan Cow Ghee Pouch,57900,10,6,52100,1000,0,1,5800,52.1,Available
Munchies,Dhara Nourish Refined Sunflower Oil Pouch,21000,5,6,19900,1000,0,1,1100,19.9,Available
Munchies,Parachute Oil ,4000,7,3,3700,100,0,100,300,37,Available
Munchies,Popular Essentials Plain Puffed Rice (Murmura/Muri),1800,0,6,1800,100,0,100,0,18,Available
Munchies,Amul Mithai Mate Condensed Sweetened Milk,5600,3,4,5400,200,0,200,200,27,Available
Munchies,Saffola Gold (Jar),124000,0,6,124000,5000,0,5,0,24.8,Available
Munchies,McCain New Mini Samosa with Cheese Pizza Style Filling,12000,1,3,11800,240,0,240,200,49.16666667,Available
Munchies,Fortune Rice Bran Health Oil (Jar),105000,1,6,103900,5000,0,5,1100,20.78,Available
Munchies,Arden Desi Eggs,11000,13,4,9500,348,0,6,1500,27.29885057,Available
Munchies,Fortune Rozana Basmati Rice,58500,21,6,46200,5000,0,5,12300,9.24,Available
Munchies,Fortune Biriyani Special Basmati Rice,17500,0,5,17500,1000,0,1,0,17.5,Available
Munchies,Everest Garam Masala,7800,7,5,7200,100,0,100,600,72,Available
Munchies,Popular Essentials Pumpkin Seeds,9000,16,6,7500,100,0,100,1500,75,Available
Munchies,Fortune Soya Health Refined Soybean Oil,21000,1,2,20600,1000,0,1,400,20.6,Available
Munchies,Gowardhan Pure Ghee Pouch,29500,4,6,28100,500,0,500,1400,56.2,Available
Munchies,Popular Essentials Jeera/Cumin Seeds,4000,5,3,3800,100,0,100,200,38,Available
Munchies,Weikfield Baking Soda,3000,3,6,2900,100,0,100,100,29,Available
Munchies,Everest Pav Bhaji Masala,3700,10,4,3300,50,0,50,400,66,Available
Munchies,Tata Sampann Unpolished Chana Dal,9500,6,2,8900,1000,0,500,600,8.9,Available
Munchies,Amul Mithai Mate EOE Tin,11200,2,6,10900,400,0,400,300,27.25,Available
Munchies,Pillsbury Chakki Fresh Atta,45000,16,6,37500,10000,0,10,7500,3.75,Available
Munchies,Everest Chicken Masala,3900,2,1,3800,50,0,50,100,76,Available
Munchies,Dhara Life Refined Ricebran Oil (Pouch),20500,7,6,19000,1000,0,1,1500,19,Available
Munchies,Borges Extra Virgin Olive Oil,40000,25,1,29900,250,0,250,10100,119.6,Available
Munchies,Everest Shahi Biryani Masala,7000,14,6,6000,50,0,50,1000,120,Available
Munchies,Popular Essentials Californian Almond,35000,28,6,25100,250,0,250,9900,100.4,Available
Munchies,Popular Essentials Ajwain Whole,2500,0,4,2500,50,0,50,0,50,Available
Munchies,Everest Tikhalal Chilli Powder,23500,9,6,21200,500,0,500,2300,42.4,Available
Munchies,Popular Essentials Kabuli Chana Regular,8500,9,6,7700,500,0,500,800,15.4,Available
Munchies,Popular Essentials Saunf/Fennel Seeds,4500,2,6,4400,100,0,100,100,44,Available
Munchies,Popular Essentials Bansi Sooji,3500,2,3,3400,500,0,500,100,6.8,Available
Munchies,Happilo Premium International Queen Kalmi Dates,24500,29,6,17200,200,0,200,7300,86,Available
Munchies,Tata Sampann Unpolished Urad Whole,10100,6,4,9400,500,0,500,700,18.8,Available
Munchies,Popular Essentials Cashew Split,32500,12,6,28300,250,0,250,4200,113.2,Available
Munchies,Popular Essentials Chana Dal (Un-Polished),6000,10,6,5400,500,0,500,600,10.8,Available
Munchies,Tata Sampann Unpolished Rajma (Chitra),13400,6,6,12500,500,0,500,900,25,Available
Munchies,Everest Kitchen King Masala,7000,14,2,6000,100,0,100,1000,60,Available
Munchies,24 Mantra Organic Cumin,7000,7,2,6500,100,0,100,500,65,Available
Munchies,Nestle Milkmaid,13200,3,6,12800,400,0,400,400,32,Available
Munchies,Popular Essentials Sona Masouri Steam Rice,6500,9,6,5900,1000,0,1,600,5.9,Available
Munchies,24 Mantra Organic Tur Dal,26000,20,6,20800,1000,0,1,5200,20.8,Available
Munchies,Gits Gulab Jamun Instant Dessert Mix,9900,10,6,8900,200,0,200,1000,44.5,Available
Munchies,Popular Essentials Black Masoor Whole (Un-Polished),6500,10,3,5800,500,0,500,700,11.6,Available
Munchies,24 Mantra Organic Peanuts,13500,7,1,12500,500,0,500,1000,25,Available
Munchies,Everest Hingraj Powder,9000,10,2,8100,50,0,50,900,162,Available
Munchies,Everest Black Pepper Powder,13500,14,6,11500,100,0,100,2000,115,Available
Munchies,Tata Sampann Masoor Dal Stand,15000,10,4,13400,1000,0,1,1600,13.4,Available
Munchies,24 Mantra Organic Besan,9500,7,5,8800,500,0,500,700,17.6,Available
Munchies,Saffola Gold Refined Cooking Oil (Jar),48500,7,6,44900,2000,0,2,3600,22.45,Available
Munchies,Nestle Everyday Dairy Whitener,21000,0,4,21000,400,0,400,0,52.5,Available
Munchies,24 Mantra Organic Red Poha,7500,8,1,6900,500,0,500,600,13.8,Available
Munchies,Everest Powder - Tea Masala,9800,9,5,8900,100,0,100,900,89,Available
Munchies,Tata Sampann Urad Dal Split,9400,4,6,9000,500,0,500,400,18,Available
Munchies,Popular Essentials Idli Sooji ,3000,6,6,2800,500,0,500,200,5.6,Available
Munchies,Popular Essentials Dessicated Coconut,9500,9,6,8600,200,0,200,900,43,Available
Munchies,Sunfeast Yippee! Mood Masala Noodles,6000,28,3,4300,260,0,260,1700,16.53846154,Available
Munchies,Chef's Basket Durum Wheat Elbow Pasta,16000,50,6,8000,500,0,500,8000,16,Available
Munchies,MTR Breakfast Khatta Meetha Poha Mix,2500,20,6,2000,60,0,60,500,33.33333333,Available
Munchies,Satyam Khobra,11300,10,5,10100,200,0,200,1200,50.5,Available
Munchies,Betty Crocker Complete Pancake Mix Original,11000,4,6,10500,250,0,500,500,42,Available
Munchies,Borges Durum Wheat Fusilli Pasta ,25000,0,3,25000,500,0,500,0,50,Available
Munchies,24 Mantra Organic Green Moong Dal - Split,13500,0,2,13500,500,0,500,0,27,Available
Munchies,Weikfield Vanilla Flavoured Custard Powder,3700,0,6,3700,100,0,100,0,37,Available
Munchies,Tata Sampann Moong Dal Split,18000,1,5,17800,1000,0,200,200,17.8,Available
Munchies,Tata Sampann Kala Chana,6400,0,5,6400,500,0,500,0,12.8,Available
Munchies,Saffola Soya Chunks Mealmaker,5000,0,2,5000,200,0,200,0,25,Available
Munchies,24 Mantra Bura Sugar (Demerara),8000,10,6,7200,500,0,500,800,14.4,Available
Munchies,Popular Essentials Green Cardamom (Elaichi),20000,1,6,19800,50,0,50,200,396,Available
Munchies,Hershey's Syrup Delicious Strawberry,9500,0,1,9500,200,0,200,0,47.5,Available
Munchies,Popular Essentials Anjeer,19000,11,4,16900,100,0,100,2100,169,Available
Munchies,Popular Essentials Mustard Seeds Rai Small,2000,0,2,2000,100,0,100,0,20,Available
Munchies,Weikfield Baking Powder,3300,3,6,3200,100,0,100,100,32,Available
Munchies,Dabur Honey Squeezy,18500,9,6,16700,225,0,225,1800,74.22222222,Available
Munchies,Tata Sampann High Protein Kali Urad,9100,14,6,7800,500,0,500,1300,15.6,Available
Munchies,Chef's Basket Durum Wheat Fusilli Pasta,16000,50,6,8000,500,0,500,8000,16,Available
Munchies,TilSona Til Oil,18000,10,2,16200,500,0,500,1800,32.4,Available
Munchies,Top Ramen Chicken Noodles,6000,10,1,5400,280,0,280,600,19.28571429,Available
Munchies,Everest Chaat Masala,3500,2,1,3400,50,0,50,100,68,Available
Munchies,Keya Wonder Red Hot Chilli Flakes,8900,10,2,8000,40,0,40,900,200,Available
Munchies,Popular Essentials White Peas (Un-Polished),8000,10,5,7200,500,0,500,800,14.4,Available
Munchies,Chingâ€™s Secret Chowmein Hakka Noodles Masala ,4400,0,2,4400,60,0,60,0,73.33333333,Available
Munchies,Dhara Filtered Groundnut Oil (Jar),105000,1,6,103500,5000,0,5,1500,20.7,Available
Munchies,Pillsbury Choco Chip Pancake Mix,9900,5,6,9400,165,0,165,500,56.96969697,Available
Munchies,Hershey's Caramel Syrup,23000,0,1,23000,623,0,623,0,36.91813804,Available
Munchies,Pillsbury Multi Grain Atta,6000,6,3,5600,1000,0,1,400,5.6,Available
Munchies,McCain New Mini Samosa with Cheese Corn Style Filling,12000,1,2,11800,240,0,240,200,49.16666667,Available
Munchies,Satyam Puffed Rice Kurmura (A),4300,0,6,4300,200,0,200,0,21.5,Available
Munchies,MTR 3 Min Poha,2500,0,6,2500,60,0,60,0,41.66666667,Available
Munchies,Ching's Manchurian Instant Noodles,1500,0,5,1500,60,0,60,0,25,Available
Munchies,Hershey's Chocolate Flavour Syrup,22000,6,6,20500,623,0,680,1500,32.90529695,Available
Munchies,Popular Essentials Dhania (Coriander Seeds),5500,16,4,4600,200,0,200,900,23,Available
Munchies,24 Mantra Red Chilly Whole,7000,7,1,6500,100,0,100,500,65,Available
Munchies,Dabur Honey - World's No.1,12000,0,6,12000,250,0,250,0,48,Available
Munchies,24 Mantra Organic Puffed Rice,4000,2,6,3900,200,0,200,100,19.5,Available
Munchies,24 Mantra Organic Wheat Daliya ,4800,2,2,4700,500,0,500,100,9.4,Available
Munchies,24 Mantra Organic Ragi Flour,6500,20,4,5200,500,0,500,1300,10.4,Available
Munchies,Popular Essentials Cinnamon Whole (Dalchini),3500,5,6,3300,25,0,25,200,132,Available
Munchies,Sundrop Super Lite Advanced - Sunflower Oil,21500,0,4,21500,1000,0,1,0,21.5,Available
Munchies,Pillsbury Atta/Godihittu - Chakki Fresh,10200,7,4,9400,2000,0,2,800,4.7,Available
Munchies,Popular Essentials Green Moong Chilka/Chilka (Un-Polished),8500,7,5,7900,500,0,500,600,15.8,Available
Munchies,Popular Essentials HMT Kolam Steam,7500,0,3,7500,1000,0,1,0,7.5,Available
Munchies,Popular Essentials Black Urad Split,8000,10,4,7200,500,0,500,800,14.4,Available
Munchies,Keya Oregano,10900,10,5,9800,9,0,9,1100,1088.888889,Available
Munchies,Popular Essentials Pink Rajma,10000,10,6,9000,500,0,500,1000,18,Available
Munchies,Everest Shahi Paneer Masala,4200,4,5,4000,50,0,50,200,80,Available
Munchies,Godrej Yummiez Chicken Nuggets,32500,9,1,29300,500,0,500,3200,58.6,Available
Munchies,Flying Bird Vanilla Essence,3500,2,6,3400,20,0,20,100,170,Available
Munchies,Everest Sabji Masala,3000,3,6,2900,50,0,50,100,58,Available
Munchies,Cornitos Cornitos Taco Shells - 4 Inches,11000,20,6,8800,80,0,80,2200,110,Available
Munchies,Everest Rajma Masala,3300,3,5,3200,50,0,50,100,64,Available
Munchies,Popular Essentials White Til,4000,5,1,3800,100,0,100,200,38,Available
Munchies,Amul Dark Compound Chocolate Slab,12500,2,6,12200,500,0,500,300,24.4,Available
Munchies,Mothers Recipe Papad Chana Masala,7900,10,6,7100,200,0,200,800,35.5,Available
Munchies,Ching's Schezwan Masala Instant Noodles,6000,0,1,6000,240,0,240,0,25,Available
Munchies,Amul Milk Compound Chocolate Slab,11000,2,6,10700,500,0,500,300,21.4,Available
Munchies,Eastern Chicken Masala,7000,7,3,6500,100,0,100,500,65,Available
Munchies,Popular Essentials Methi Seeds,2500,0,5,2500,100,0,100,0,25,Available
Munchies,Saffola Yummy Masala Noodles ,2000,0,2,2000,46,0,46,0,43.47826087,Available
Munchies,Cadbury Hot Chocolate,17500,5,6,16600,200,0,200,900,83,Available
Munchies,Ching's Chicken Chilli Masala,1000,0,6,1000,20,0,20,0,50,Available
Munchies,Dabur Keora water - Authentic flavour for Biryani's and Desserts,6200,6,6,5800,250,0,250,400,23.2,Available
Munchies,Popular Essentials Black Cardamom/Elaichi ,10000,10,6,9000,50,0,50,1000,180,Available
Munchies,Popular Essentials Idli Rice,6000,10,4,5400,1000,0,1,600,5.4,Available
Munchies,Everest Chole Masala,3300,3,1,3200,50,0,50,100,64,Available
Munchies,Dabur Hommade Tamarind Paste,4800,6,6,4500,200,0,200,300,22.5,Available
Munchies,"""Maggi Magic Cubes, Vegetarian Masala (Free 2 Cubes Inside)""",3500,2,6,3400,48,0,48,100,70.83333333,Available
Munchies,Popular Essentials Cooking Soda,3000,10,6,2700,200,0,200,300,13.5,Available
Munchies,RRO Primio Refined Groundnut Oil Pet Bottle,25500,6,2,23900,1000,0,1,1600,23.9,Available
Munchies,Everest Pani Puri Masala,3100,3,6,3000,50,0,50,100,60,Available
Munchies,Nissin Cup Noodles Tangy Tomato,5000,10,2,4500,70,0,70,500,64.28571429,Available
Munchies,Ching's Veg Manchurian Masala,1000,0,2,1000,20,0,20,0,50,Available
Munchies,Ceres Foods Fish Mustard Instant Liquid Masala,22000,50,6,11000,200,0,200,11000,55,Available
Munchies,24 Mantra Organic Jowar Flour,7000,7,6,6500,500,0,500,500,13,Available
Munchies,Maggi Coconut Milkpowder,10000,0,6,10000,100,0,100,0,100,Available
Munchies,On1y Pepper Grinder,15900,9,1,14400,50,0,50,1500,288,Available
Munchies,Popular Essentials Rice Flour,6000,0,3,6000,1000,0,1,0,6,Available
Munchies,Sunfeast Yippee! Pasta Treat - Sour Cream Onion,2800,10,1,2500,65,0,65,300,38.46153846,Available
Munchies,24 Mantra Organic Brown Sona Masoori Rice,9500,0,6,9500,1000,0,1,0,9.5,Available
Munchies,Happilo Premium Afghani Anjeer,36500,29,2,25600,200,0,200,10900,128,Available
Munchies,Popular Essentials Chiroti Sooji,3500,2,6,3400,500,0,500,100,6.8,Available
Munchies,RRO Til Dil Premium Til Oil Bottle,33000,10,5,29400,1000,0,1,3600,29.4,Available
Munchies,Popular Essentials Red Rajma,9000,10,6,8100,500,0,500,900,16.2,Available
Munchies,Cornitos Peanut - Premium Salted ,12000,10,6,10800,150,0,150,1200,72,Available
Munchies,Popular Essentials Black Pepper,10000,10,5,9000,100,0,100,1000,90,Available
Munchies,24 Mantra Organic Tur Dal - Split,13000,7,6,12000,500,0,500,1000,24,Available
Munchies,Sugarfree Gold Low Calorie Sweetner,6500,6,3,6100,110,0,100,400,55.45454545,Available
Munchies,Ching's Secret Paneer Chilli Masala,1000,0,2,1000,20,0,20,0,50,Available
Munchies,Dabur Honey ,22000,7,3,20400,500,0,500,1600,40.8,Available
Munchies,Everest Tea Masala,5500,9,2,5000,50,0,50,500,100,Available
Munchies,Ching's Paneer Chilli Masala,4400,0,4,4400,60,0,60,0,73.33333333,Available
Munchies,Sunfeast YiPPee! Magic Masala Noodles,7000,10,3,6300,405,0,405,700,15.55555556,Available
Munchies,Everest Meat Masala Powder,7400,9,3,6700,100,0,100,700,67,Available
Munchies,Pillsbury Atta With Multigrains Wheat Grains,29500,16,6,24500,5000,0,5,5000,4.9,Available
Munchies,Mother's Recipe Tamarind Paste,5000,2,6,4900,200,0,200,100,24.5,Available
Munchies,Quaker Oats Breakfast Cereals - With Flavour Mix Nutritious Rich Source Of Energy,4900,8,6,4500,200,0,200,400,22.5,Available
Munchies,Popular Essentials Cloves (Lavang),7500,17,6,6200,50,0,50,1300,124,Available
Munchies,Sunfeast Yippee! Power Up Atta Noodles,9600,15,6,8100,280,0,280,1500,28.92857143,Available
Munchies,Suhana Paneer Tikka Masala Mix,4000,5,6,3800,50,0,50,200,76,Available
Munchies,24 Mantra Turmeric Powder,3500,2,6,3400,100,0,100,100,34,Available
Munchies,24 Mantra Super Grain Quinoa,19000,0,4,19000,500,0,500,0,38,Available
Munchies,Everest Powder - Egg Curry Masala,4000,2,6,3900,50,0,50,100,78,Available
Munchies,Popular Essentials Pe Shah Jeera ,6000,15,6,5100,50,0,50,900,102,Available
Munchies,24 Mantra Organic Sattu Atta,9500,0,6,9500,500,0,500,0,19,Available
Munchies,Smith & Jones Pasta Masala,4600,0,6,4600,54,0,54,0,85.18518519,Available
Munchies,Weikfield Vanilla Custard Powder,14200,9,3,12800,500,0,500,1400,25.6,Available
Munchies,Sugarfree Natura Low Calorie Sweetner ,30000,10,3,27000,42,0,42,3000,642.8571429,Available
Munchies,Pillsbury Vanilla Custard Powder,3700,2,6,3600,100,0,100,100,36,Available
Munchies,24 Mantra Organic Rajma,14500,0,6,14500,500,0,500,0,29,Available
Munchies,Popular Essentials Broken Wheat/Daliya,3500,2,6,3400,500,0,500,100,6.8,Available
Munchies,Zorabian Chicken Smoked Ham,20500,5,1,19400,250,0,250,1100,77.6,Available
Munchies,Smith & Jones Peri Peri Masala,9900,0,6,9900,75,0,75,0,132,Available
Munchies,Popular Essentials Urad Dal Split (Un-Polished),8500,9,5,7700,500,0,500,800,15.4,Available
Munchies,Popular Essentials Bajra Whole,6500,13,6,5600,1000,0,1,900,5.6,Available
Munchies,Weikfield Veg Jelly Crystals - Strawberry,4500,2,6,4400,90,0,90,100,48.88888889,Available
Munchies,Weikfield Veg Jelly Crystals - Raspberry,4500,2,6,4400,90,0,90,100,48.88888889,Available
Munchies,Popular Essentials Masoor Dal Split (Un-Polished),7000,10,4,6300,500,0,500,700,12.6,Available
Munchies,Popular Essentials Pista Salted (With Shell),47000,21,5,37100,250,0,250,9900,148.4,Available
Munchies,The Bake Shop Bread Crumbs,5000,6,3,4700,400,0,400,300,11.75,Available
Munchies,Popular Essentials Horse Gram,4000,10,4,3600,500,0,500,400,7.2,Available
Munchies,Hershey's Chocolate Syrup,9500,0,4,9500,200,0,200,0,47.5,Available
Munchies,Godrej Yummiez Chilli Chicken Sausages ,16000,10,3,14400,250,0,250,1600,57.6,Available
Munchies,Everest Kasuri Methi,2500,0,6,2500,25,0,25,0,100,Available
Munchies,Satyam Makhana,20800,0,6,20800,100,0,100,0,208,Available
Munchies,Everest Tandoori Chicken Masala,3900,2,5,3800,50,0,50,100,76,Available
Munchies,Weikfield Falooda Mix - Kesar Pista,4900,2,3,4800,200,0,200,100,24,Available
Munchies,Weikfield Cocoa Powder,7000,7,6,6500,50,0,50,500,130,Available
Munchies,Pantai Coconut Cream,15000,4,4,14300,400,0,400,700,35.75,Available
Munchies,Popular Essentials Coriander Seeds,1500,0,5,1500,50,0,50,0,30,Available
Munchies,Ching's Singapore Curry Instant Noodles,6000,0,4,6000,240,0,240,0,25,Available
Munchies,Eastern Fish Masala,4800,2,5,4700,100,0,100,100,47,Available
Munchies,"Oleev Smart Oil Fortified with VIT A, D, E & K (Pouch)",21500,9,4,19400,1000,0,1,2100,19.4,Available
Munchies,Everest Dry Ginger Powder,7500,9,4,6800,100,0,100,700,68,Available
Munchies,Pillsbury Cooker Cake Mix - Choco,10000,11,6,8900,159,0,159,1100,55.97484277,Available
Munchies,Hersheys Chocolate Almond Syrup,20000,0,2,20000,450,0,450,0,44.44444444,Available
Munchies,Satyam Nighties Spices  Chilli Pandi,5600,7,5,5200,100,0,100,400,52,Available
Munchies,Popular Essentials Popular Essential Pista Salted (With Shell),19000,10,6,17100,100,0,100,1900,171,Available
Munchies,Godrej Yummiez Chicken Punjabi Tikka ,29500,9,6,26600,360,0,360,2900,73.88888889,Available
Munchies,Popular Essentials Rozana Sona Masuri Raw Rice,35000,10,5,31200,5000,0,5,3800,6.24,Available
Munchies,24 Mantra Mustard Oil (Cold Pressed) ,35000,10,6,31200,1000,0,1,3800,31.2,Available
Munchies,24 Mantra Organic Black Pepper,17000,7,6,15700,100,0,100,1300,157,Available
Munchies,Popular Essentials Green Moong Whole,9000,16,3,7500,500,0,500,1500,15,Available
Munchies,24 Mantra Organic Masoor Dal - Split,9500,7,6,8800,500,0,500,700,17.6,Available
Munchies,Praakritik Organic Natural Rock Salt,6000,6,3,5600,500,0,500,400,11.2,Available
Munchies,24 Mantra Sunflower Oil (Cold Pressed) Pet Bottle,39000,11,5,34700,1000,0,1,4300,34.7,Available
Munchies,"Ching's Secret Instant Noodles, Hot Garlic",6000,0,4,6000,240,0,240,0,25,Available
Munchies,Saffola Everyday Peppy Tomato Masala Oats,19500,12,6,17100,500,0,500,2400,34.2,Available
Munchies,Dabur 100% Pure Honey - Worlds No.1,43000,10,6,38700,1000,0,1,4300,38.7,Available
Munchies,Popular Essentials Star Anise,7000,10,5,6300,25,0,25,700,252,Available
Munchies,Ching's Secret Chicken 65 Masala - Chicken,1000,0,5,1000,20,0,20,0,50,Available
Munchies,Cadbury Cocoa Powder,22300,5,6,21100,150,0,150,1200,140.6666667,Available
Munchies,Praakritik Natural Desi Gir Cow A2 Ghee,145000,10,6,130500,540,0,540,14500,241.6666667,Available
Munchies,Praakritik Organic Poha,12000,6,5,11200,500,0,500,800,22.4,Available
Munchies,Praakritik Organic Natural Wild Forest Honey,16000,6,4,15000,200,0,200,1000,75,Available
Munchies,Popular Essentials Dry Dates (Kharak),14000,15,6,11800,250,0,250,2200,47.2,Available
Munchies,Popular Essentials Kashmiri Red Rajma,9500,6,4,8900,500,0,500,600,17.8,Available
Munchies,Dabur Hommade - Garlic Paste,5000,6,6,4700,200,0,200,300,23.5,Available
Munchies,Dabur 100% Pure Honey,33000,10,1,29700,400,0,400,3300,74.25,Available
Munchies,Ching's Schezwan Fried Rice(Miracle Masala),4400,0,5,4400,60,0,60,0,73.33333333,Available
Munchies,"""Maggi Magic Cubes, Vegetarian Masala""",3500,2,1,3400,40,0,40,100,85,Available
Munchies,Popular Essentials Red Poha,4500,4,6,4300,500,0,500,200,8.6,Available
Munchies,Pillsbury Oven Cake Mix - Rich Chocolate,16500,10,5,14700,285,0,285,1800,51.57894737,Available
Munchies,Eastern Super Garam Masala,7400,6,2,6900,200,0,200,500,34.5,Available
Munchies,Maggi Magic Cubes Extra Chicken,4000,2,6,3900,48,0,48,100,81.25,Available
Munchies,Satyam Nighties Spices  Chilli Kashmiri,10200,6,6,9500,100,0,100,700,95,Available
Munchies,Eastern Cumin Powder,4900,2,6,4800,100,0,100,100,48,Available
Munchies,Popular Essentials Urad Gola White(Un-Polished),9000,10,6,8100,500,0,500,900,16.2,Available
Munchies,24 Mantra Organic Chana Dal,9500,6,5,8900,500,0,500,600,17.8,Available
Munchies,Delight Nuts Cashew Roasted & Salted,42500,20,6,34000,200,0,200,8500,170,Available
Munchies,Popular Essentials Mace/Javitri,9000,10,3,8100,20,0,20,900,405,Available
Munchies,Dlicia Whip Topping Bottle,23500,27,5,17100,1000,0,1,6400,17.1,Available
Munchies,Mother's Recipe Paste Ginger & Garlic,7600,10,4,6800,300,0,300,800,22.66666667,Available
Munchies,24 Mantra Groundnut Oil (Cold Pressed) Pet Bottle,41000,10,6,36900,1000,0,1,4100,36.9,Available
Munchies,Satyam Pulses Masur Dal,8700,6,6,8100,500,0,500,600,16.2,Available
Munchies,Delight Nuts Pista Roasted & Salted,42500,20,6,34000,200,0,200,8500,170,Available
Munchies,"Top Ramen Noodles, Atta",8000,0,1,8000,280,0,280,0,28.57142857,Available
Munchies,Hershey's Cocoa Powder,9500,0,5,9500,70,0,70,0,135.7142857,Available
Munchies,Praakritik Organic Singhara Atta,24000,6,4,22500,500,0,500,1500,45,Available
Munchies,Gits Veg Biryani Ready to Eat,11000,10,6,9900,265,0,265,1100,37.35849057,Available
Munchies,Delight Nuts Cranberries Sliced ,29900,20,6,23900,200,0,200,6000,119.5,Available
Munchies,Borges Durum Wheat Pasta Superior Quality,25000,40,6,14900,500,0,500,10100,29.8,Available
Munchies,Ceres Foods Laal Maas Instant Liquid Masala,22000,50,5,11000,200,0,200,11000,55,Available
Munchies,Popular Essentials Sattu Atta,9000,12,3,7900,500,0,500,1100,15.8,Available
Munchies,Popular Essentials Mustard Seeds Rai Yellow,2500,0,5,2500,100,0,100,0,25,Available
Munchies,Praakritik Organic Extra Virgin Coconut Oil,15000,10,5,13400,100,0,100,1600,134,Available
Munchies,Praakritik Organic Garlic Powder,11000,1,5,10800,100,0,100,200,108,Available
Munchies,Sugarfree Gold Low Calorie Sweetner ,12500,5,6,11800,100,0,100,700,118,Available
Munchies,Aashirvaad Breakfast Instant Mix - Rice Idli,7500,30,6,5200,200,0,200,2300,26,Available
Munchies,Kitchens Of India Mutter Paneer,13000,4,6,12400,285,0,285,600,43.50877193,Available
Munchies,Ching's Secret Veg Manchurian Masala,4400,0,6,4400,60,0,60,0,73.33333333,Available
Munchies,Popular Essentials Jowa Flour,5000,2,5,4900,500,0,500,100,9.8,Available
Munchies,Popular Essentials Black Til,5000,6,4,4700,100,0,100,300,47,Available
Munchies,Popular Essentials Pancharatna Dal,8000,10,6,7200,500,0,500,800,14.4,Available
Munchies,Saffola 100% Pure Honey,47500,8,2,43700,1000,0,750,3800,43.7,Available
Munchies,Popular Essentials Tamarind,15000,14,6,12800,500,0,500,2200,25.6,Available
Munchies,Gits Rice Dosa Instant Breakfast Mix,6000,5,5,5700,200,0,200,300,28.5,Available
Munchies,Popular Essentials Poppy Seeds (Gasagase),28000,7,6,26000,100,0,100,2000,260,Available
Munchies,Hershey's Hot Chocolate Powder,21000,0,4,21000,250,0,250,0,84,Available
Munchies,Borges Farfalle Durum Wheat Pasta ,25000,0,5,25000,500,0,500,0,50,Available
Munchies,Satyam Chilli  Bedgi,8200,10,5,7300,100,0,100,900,73,Available
Munchies,Aashirvaad Instant Mix - Rice Dosa,7500,30,6,5200,200,0,200,2300,26,Available
Munchies,Hershey's Cocoa - Natural Unsweetened,27000,10,4,24300,225,0,225,2700,108,Available
Munchies,Weikfield Veg Jelly Crystals - Mango,4500,2,6,4400,90,0,90,100,48.88888889,Available
Munchies,Praakritik Orrganic Cold Pressed Sesame Oil,13000,10,5,11700,100,0,100,1300,117,Available
Munchies,Amulya Dairy Whitener ,38000,2,4,37200,1000,0,1,800,37.2,Available
Munchies,ITC Master Chef Hyderabadi Biryani,7500,30,5,5200,80,0,80,2300,65,Available
Munchies,Flying Bird Butter Scotch Essence,5000,2,6,4900,20,0,20,100,245,Available
Munchies,Dabur Hommade - Ginger Paste,5000,6,6,4700,200,0,200,300,23.5,Available
Munchies,Popular Essentials Green Peas (Un-Polished),12000,10,5,10800,500,0,500,1200,21.6,Available
Munchies,Quaker Oats Pouch,27600,10,6,24800,1500,0,1,2800,16.53333333,Available
Munchies,24 Mantra Organic Urad White Whole,14500,15,4,12200,500,0,500,2300,24.4,Available
Munchies,Popular Essentials Guntur Chilli Stemless,4000,2,2,3900,100,0,100,100,39,Available
Munchies,Popular Essentials Moth Whole,9000,10,6,8100,500,0,500,900,16.2,Available
Munchies,Keya Pizza Seasoning,10900,17,6,9000,45,0,45,1900,200,Available
Munchies,Keya Piri Piri | Exotic Spices Mix,10900,20,6,8700,80,0,80,2200,108.75,Available
Munchies,24 Mantra Organic Moong Dal,13500,7,6,12500,500,0,500,1000,25,Available
Munchies,Betty Crocker French Vanilla Cake Mix,31000,10,6,27600,520,0,520,3400,53.07692308,Available
Munchies,Delight Nuts Dried Cranberries ,34000,20,6,27200,200,0,200,6800,136,Available
Munchies,Everest Kesari Milk Masala,20500,0,2,20500,50,0,50,0,410,Available
Munchies,Tong Garden Salted Cocktail Nuts,29500,9,5,26600,160,0,160,2900,166.25,Available
Munchies,MTR Uttapam Mix,16500,5,6,15600,500,0,500,900,31.2,Available
Munchies,Gits Khaman Dhokla Instant Snack Mix,6500,6,6,6100,180,0,180,400,33.88888889,Available
Munchies,Happilo Premium 100% Natural Whole Cashews,33500,29,6,23500,200,0,200,10000,117.5,Available
Munchies,Everest Dry Mango Powder,8000,0,5,8000,100,0,100,0,80,Available
Munchies,Dabur Hommade - Ginger Garlic Past Tub,11000,5,6,10400,400,0,400,600,26,Available
Munchies,Gits Medu Vada Instant Snack Mix,9000,4,6,8600,200,0,200,400,43,Available
Munchies,Weikfield Drinking Chocolate Powder,6500,10,6,5800,100,0,100,700,58,Available
Munchies,Popular Essentials Regular White Lobia,7000,10,6,6300,500,0,500,700,12.6,Available
Munchies,Puro Healthy Salt Crystal,13500,7,6,12500,1000,0,1,1000,12.5,Available
Munchies,Popular Essentials Premium Jeera Rice,14000,0,5,14000,1000,0,1,0,14,Available
Munchies,Smith & Jones Shahi Paneer Masala Mix,4400,0,6,4400,60,0,60,0,73.33333333,Available
Munchies,Betty Crocker Mug Treats - Chocolate Mix - Pack of 4,20000,11,6,17800,264,0,264,2200,67.42424242,Available
Munchies,Catch Black Pepper Sprinkler,10000,0,1,10000,50,0,50,0,200,Available
Munchies,Weikfield Cooker Cake Mix - Chocolate,9500,6,6,8900,150,0,150,600,59.33333333,Available
Munchies,ITC Master Chef Butter Chicken,7500,30,6,5200,80,0,80,2300,65,Available
Munchies,Masala Oats Masala & Coriander ,19500,9,5,17600,500,0,500,1900,35.2,Available
Munchies,Smith & Jones Mutter Paneer Masala,4200,0,6,4200,60,0,60,0,70,Available
Munchies,Kitchens of India Dal Bukhara Gravy Mix,11000,30,6,7700,285,0,285,3300,27.01754386,Available
Munchies,Popular Essentials Fried Gram (Bengal Gram),7000,10,6,6300,500,0,500,700,12.6,Available
Munchies,Gits Jalebi with Maker Dessert Mix,7500,16,6,6300,100,0,100,1200,63,Available
Munchies,Popular Essentials Soya Beans ,8000,6,6,7500,500,0,500,500,15,Available
Munchies,24 Mantra Organic Roasted Bengal Gram Dal,10500,7,6,9700,500,0,500,800,19.4,Available
Munchies,Keya Italian Seasoning,10900,10,6,9800,35,0,35,1100,280,Available
Munchies,MTR Idli/Dosa/Chilly Chutney Powder,11500,0,3,11500,200,0,200,0,57.5,Available
Munchies,Delight Nuts Trail Mix ,39900,25,6,29900,200,0,200,10000,149.5,Available
Munchies,Praakritik Organic Chilka Moong Dal,12000,10,6,10800,500,0,500,1200,21.6,Available
Munchies,Smith & Jones Garlic & Herbs Masala Mix,9900,0,6,9900,75,0,75,0,132,Available
Munchies,Eastern Tamarind,6300,0,6,6300,200,0,200,0,31.5,Available
Munchies,Tong Garden Wasabi Coated Greenpeas Tin,20000,11,6,17800,180,0,180,2200,98.88888889,Available
Munchies,Flying Bird Pineapple Artifical Food Essence,5000,2,6,4900,20,0,20,100,245,Available
Munchies,Japanese Choice Udon Noodles,29500,9,6,26600,250,0,250,2900,106.4,Available
Munchies,Pantai Coconut Milk,15000,0,4,15000,400,0,400,0,37.5,Available
Munchies,Praakritik Organic Masoor Dal,13000,10,6,11600,500,0,500,1400,23.2,Available
Munchies,Popular Essentials Classic Sona Masuri Rice,43000,10,6,38700,5000,0,5,4300,7.74,Available
Munchies,Popular Essentials Salted Murmure ,7000,18,6,5700,400,0,400,1300,14.25,Available
Munchies,Oleev Active Oil (Pouch),26500,9,6,23900,1000,0,1,2600,23.9,Available
Munchies,Delight Nuts Dried Blueberries ,54000,20,6,43200,150,0,150,10800,288,Available
Munchies,Popular Essentials Double Beans White,6000,10,6,5400,250,0,250,600,21.6,Available
Munchies,Delight Nuts Almond Natural ,34900,20,6,27900,200,0,200,7000,139.5,Available
Munchies,Praakritik Organic Jaggery,16000,6,6,15000,900,0,900,1000,16.66666667,Available
Munchies,Praakritik Organic Raw Sugar,9000,6,6,8400,500,0,500,600,16.8,Available
Munchies,MTR Masala - Sambar Powder,11500,0,4,11500,200,0,200,0,57.5,Available
Munchies,ITC Master Chef Vegetable Biryani Cooking Paste,7500,30,5,5200,80,0,80,2300,65,Available
Munchies,Jivana Jaggery,10000,0,2,10000,950,0,950,0,10.52631579,Available
Munchies,Praakritik Organic Besan,17000,6,6,15900,500,0,500,1100,31.8,Available
Munchies,MTR Instant Gulab Jamun Mix,19500,9,6,17600,500,0,500,1900,35.2,Available
Munchies,On1y Mixed Herbs,9900,0,6,9900,14,0,14,0,707.1428571,Available
Munchies,Popular Essentials Urad Gola Black (Un-Polished),8000,10,6,7200,500,0,500,800,14.4,Available
Munchies,Gits Dessert Mix China Grass Bombay Halwa,5500,0,4,5500,80,0,80,0,68.75,Available
Munchies,Praakritik Organic Basmati Rice,17000,0,5,17000,500,0,500,0,34,Available
Munchies,Ceres Foods Nalli Nihari Instant Liquid Masala,22000,50,6,11000,200,0,200,11000,55,Available
Munchies,Borges Canola Oil Pet Bottle,39900,0,6,39900,1000,0,1,0,39.9,Available
Munchies,Suhana Biryani Masala,6600,0,6,6600,50,0,50,0,132,Available
Munchies,On1y Black Salt Grinder,9900,0,6,9900,100,0,100,0,99,Available
Munchies,Popular Essentials Nylon Til,4000,2,6,3900,100,0,100,100,39,Available
Munchies,Pillsbury Rich Choco Oven Cake Mix - Egg Free,17000,6,6,15900,270,0,270,1100,58.88888889,Available
Munchies,Weikfield Tomato Salsa Instant Pasta,2500,0,1,2500,77,0,77,0,32.46753247,Available
Munchies,Praakritik Organic Jowar Atta,11000,6,6,10300,500,0,500,700,20.6,Available
Munchies,Epicurea Thai Jasmine Rice,29500,0,4,29500,500,0,500,0,59,Available
Munchies,Yummiez Chicken Garlic Fingers Pouch,25000,0,5,25000,400,0,400,0,62.5,Available
Munchies,RRO Primio Refined Groundnut (Jar),49000,11,6,43600,2000,0,2,5400,21.8,Available
Munchies,Praakritik Organic Tuvar Dal,14000,0,6,14000,500,0,500,0,28,Available
Munchies,Cantina Beans Mexican Beans,25000,14,6,21300,410,0,410,3700,51.95121951,Available
Munchies,Pillsbury Oven Cake Mix - Vanilla,17500,10,6,15600,225,0,225,1900,69.33333333,Available
Munchies,Hershey's Chocolate Milk Booster,20000,0,6,20000,450,0,450,0,44.44444444,Available
Munchies,Popular Essentials Byadagi Chilli Stemless,8000,0,6,8000,100,0,100,0,80,Available
Munchies,Suhana Spice Mix - Chicken Biryani,6600,0,6,6600,50,0,50,0,132,Available
Munchies,Praakritik Organic Yellow Moon Dal,13500,0,6,13500,500,0,500,0,27,Available
Munchies,24 Mantra Sona Masuri Brown Rice,47500,10,6,42300,5000,0,5,5200,8.46,Available
Munchies,24 Mantra Organic Pancharatna Dal - Split,13000,7,6,12000,500,0,500,1000,24,Available
Munchies,24 Mantra Organic Cumin Powder,7000,0,6,7000,100,0,100,0,70,Available
Munchies,Popular Essentials Samba Broken Wheat,10000,11,6,8900,500,0,500,1100,17.8,Available
Munchies,Betty Crocker Chocolate Fudge Cake Mix,29500,0,6,29500,475,0,475,0,62.10526316,Available
Munchies,Borges Extra Light Olive Oil Bottle ,260000,46,6,139900,2000,0,2,120100,69.95,Available
Munchies,Flying Bird Premium Orange Artificial Food Essence,6000,0,6,6000,20,0,20,0,300,Available
Munchies,Popular Essentials Red Cherry/Gundu Chilli,9500,0,6,9500,100,0,100,0,95,Available
Munchies,Super Saver Kolam Rice Sortex Clean ,70000,10,3,63000,5000,0,5,7000,12.6,Available
Munchies,Flying Bird Food Essence - Kewra,5000,0,6,5000,20,0,20,0,250,Available
Munchies,MTR Vada Breakfast,20000,0,1,20000,500,0,500,0,40,Available
Munchies,On1y Pasta Seasoning,9900,0,6,9900,30,0,30,0,330,Available
Munchies,Praakritik Organic Indrayani Rice,7000,0,6,7000,500,0,500,0,14,Available
Munchies,On1y Pizza Seasoning,9900,0,6,9900,28,0,28,0,353.5714286,Available
Munchies,Kitchens of India Mutter Paneer Mix,12000,30,4,8400,285,0,285,3600,29.47368421,Available
Munchies,Aashirvaad Svasti Cow Ghee Tetra Pack,29500,0,6,29500,500,0,500,0,59,Available
Munchies,Weikfield Cooker Cake Mix - Vanilla,9500,0,6,9500,150,0,150,0,63.33333333,Available
Munchies,Praakritik Organic Kapli Wheat Atta,16500,10,6,14700,1000,0,1,1800,14.7,Available
Munchies,Epicurea Sushi Rice,29500,0,6,29500,500,0,500,0,59,Available
Munchies,Sugarfree Natural Green Stevia Leaves Zero Calorie,7500,0,2,7500,100,0,100,0,75,Available
Munchies,Smith & Jones Italian Spices Masala Mix,9900,0,6,9900,75,0,75,0,132,Available
Munchies,Satyam Nighties Spices  Chilli Bore,8900,10,6,8000,100,0,100,900,80,Available
Munchies,Weikfield Veg Jelly Crystals - Orange,4500,2,6,4400,90,0,90,100,48.88888889,Available
Munchies,Praakritik Organic Jumbo Rolled Oats,19000,11,6,16900,500,0,500,2100,33.8,Available
Munchies,On1y Sea Salt Grinder,8900,0,6,8900,100,0,100,0,89,Available
Munchies,Delight Nuts Berries Mix ,39900,20,6,31900,200,0,200,8000,159.5,Available
Munchies,Praakritik Organic Ginger Powder,13900,10,6,12500,100,0,100,1400,125,Available
Munchies,Suhana Mutton Gravy Mix,4500,0,4,4500,80,0,80,0,56.25,Available
Munchies,On1y Salad Seasoning Grinder,13900,0,6,13900,45,0,45,0,308.8888889,Available
Munchies,Figaro Pure Olive Oil,32500,8,1,29900,200,0,200,2600,149.5,Available
Munchies,Madhur Sugar,6000,6,0,5600,1000,1,1,400,5.6,out of stock
Munchies,Madhur Pure And Hygienic Sugar,29500,9,0,26600,5000,1,5,2900,5.32,out of stock
Munchies,Satyam Poha Jada,3500,8,0,3200,500,1,500,300,6.4,out of stock
Munchies,Aashirvaad Superior MP Whole Wheat Atta,5300,1,0,5200,1000,1,1,100,5.2,out of stock
Munchies,Maggi Masala Ae Magic,5800,6,0,5400,72,1,72,400,75,out of stock
Munchies,Aashirvaad Iodised Salt ,2200,13,0,1900,1000,1,1,300,1.9,out of stock
Munchies,Maggi 2-Minute Instant Noodles - Masala,4400,0,0,4400,280,1,280,0,15.71428571,out of stock
Munchies,Popular Essentials Phool Makhana (Jumbo Size),15000,14,0,12800,100,1,100,2200,128,out of stock
Munchies,Aashirvaad Atta With Mutigrains,31500,8,0,28700,5000,1,5,2800,5.74,out of stock
Munchies,Tata Sampann Poha,4400,6,0,4100,500,1,500,300,8.2,out of stock
Munchies,Fortune Besan Flour,12000,0,0,12000,1000,1,1,0,12,out of stock
Munchies,Everest Tikhalal Hot & Red Chilly Powder,4700,2,0,4600,100,1,100,100,46,out of stock
Munchies,Popular Essentials Chia Seeds,5000,2,0,4900,100,1,100,100,49,out of stock
Munchies,Tata Sampann Unpolished Toor Dal/Arhar Dal,17900,1,0,17700,1000,1,200,200,17.7,out of stock
Munchies,Everest Coriander Powder,3200,3,0,3100,100,1,100,100,31,out of stock
Munchies,Satyam Thin Poha Patla,3800,7,0,3500,500,1,500,300,7,out of stock
Munchies,Popular Essentials Sona Masouri Raw Rice,7500,0,0,7500,1000,1,1,0,7.5,out of stock
Munchies,Tata Sampann High Protien Chana Dal - Split,6400,0,0,6400,500,1,500,0,12.8,out of stock
Munchies,Satyam Singdana ,11900,6,0,11100,500,1,500,800,22.2,out of stock
Munchies,Tata Sampann Moong Chilka ,8800,6,0,8200,500,1,500,600,16.4,out of stock
Munchies,Tata Sampann High Protien Toor Dal - Split,9100,2,0,8900,500,1,500,200,17.8,out of stock
Munchies,Ching's Chow Mein Hakka Noodles Masala,1000,0,0,1000,20,1,20,0,50,out of stock
Munchies,Everest Chat Masala,6500,9,0,5900,100,1,100,600,59,out of stock
Munchies,Popular Essentials Black Brown Chana (Un-Polished),5500,9,0,5000,500,1,500,500,10,out of stock
Munchies,Ching's Secret Veg Hakka Noodles,10700,0,0,10700,600,1,600,0,17.83333333,out of stock
Munchies,Saffola Oats 100 % Natural,1500,0,0,1500,38,1,38,0,39.47368421,out of stock
Munchies,Everest Kashmiri Lal Chilli Powder,31000,10,0,27900,500,1,500,3100,55.8,out of stock
Munchies,Popular Essentials Black Raisins Seedless,6000,10,0,5400,100,1,100,600,54,out of stock
Munchies,Daawat Rozana Super Basmati Rice,7900,0,0,7900,1000,1,1,0,7.9,out of stock
Munchies,Everest Cumin Powder (Jeera),3000,3,0,2900,50,1,50,100,58,out of stock
Munchies,Everest Sambhar Masala,3400,2,0,3300,50,1,50,100,66,out of stock
Munchies,Maggi Chilly Chow Cuppa Noodles,5000,0,0,5000,70,1,70,0,71.42857143,out of stock
Munchies,Popular Essentials Mustard Seeds Rai Big,2000,0,0,2000,100,1,100,0,20,out of stock
Munchies,Patanjali Cow's Ghee,56500,0,0,56500,1000,1,1,0,56.5,out of stock
Munchies,Everest Amchur Powder,4200,2,0,4100,50,1,50,100,82,out of stock
Munchies,Daawat Super Basmati Rice,18500,8,0,16900,1000,1,1,1600,16.9,out of stock
Munchies,Popular Essentials Sabudana,6000,10,0,5400,500,1,500,600,10.8,out of stock
Munchies,Popular Essentials Brown Sugar,4000,0,0,4000,500,1,500,0,8,out of stock
Munchies,Sunfeast Yippee! Magic Masala Noodles,4800,6,0,4500,240,1,240,300,18.75,out of stock
Munchies,Tata Tea Gold,3500,0,0,3500,100,1,200,0,35,out of stock
Munchies,Daawat Rozana Gold Basmati Rice,9000,1,0,8900,1000,1,1,100,8.9,out of stock
Munchies,Top Ramen Masala,9100,9,0,8200,560,1,560,900,14.64285714,out of stock
Munchies,Everest Turmeric Powder,6700,10,0,6000,200,1,200,700,30,out of stock
Munchies,Popular Essentials Buckwheat Flour (Kuttu Atta),12500,9,0,11300,500,1,500,1200,22.6,out of stock
Munchies,Keya Italian Pizza Oregano,10900,11,0,9700,80,1,80,1200,121.25,out of stock
Munchies,Chef's Basket Durum Wheat Penne Pasta,16000,50,0,8000,500,1,500,8000,16,out of stock
Munchies,India Gate Basmati Rice,21000,0,0,21000,1000,1,1,0,21,out of stock
Munchies,24 Mantra Organic Whole Wheat Atta,6400,7,0,5900,1000,1,1,500,5.9,out of stock
Munchies,Zorabian Chicken Kheema Parathas,19000,0,0,19000,300,1,300,0,63.33333333,out of stock
Munchies,Sunfeast Pasta Treat Pack of Tomato Cheese,2800,17,0,2300,65,1,65,500,35.38461538,out of stock
Munchies,Sugarlite 50% Less Calories Sugar Pouch,9900,40,0,5900,500,1,500,4000,11.8,out of stock
Munchies,Popular Essentials Sabja/Basil Seeds,6000,15,0,5100,100,1,100,900,51,out of stock
Munchies,Patanjali Pure Honey,9500,0,0,9500,250,1,250,0,38,out of stock
Munchies,Weikfield Falooda Mix - Mango,4900,2,0,4800,200,1,200,100,24,out of stock
Munchies,Pro Nature Organic Sonamasoori Brown Rice,10200,7,0,9400,1000,1,1,800,9.4,out of stock
Munchies,Maggi Special Masala Spicy Yummy Noodles,7200,0,0,7200,280,1,280,0,25.71428571,out of stock
Munchies,Godrej Yummiez Chicken Breakfast Salami,15000,4,0,14300,250,1,250,700,57.2,out of stock
Munchies,Everest Saffron Kesar,12000,0,0,12000,1,1,0,0,12000,out of stock
"Dairy, Bread & Batter",Mother Dairy Toned Milk Pouch,2500,0,4,2500,500,0,500,0,5,Available
"Dairy, Bread & Batter",Mother Dairy Classic Curd,3000,3,6,2900,400,0,400,100,7.25,Available
"Dairy, Bread & Batter",Mother Dairy Ultra Full Cream Milk,3100,0,4,3100,500,0,500,0,6.2,Available
"Dairy, Bread & Batter",Amul Butter - Pasteurised,5000,2,6,4900,100,0,100,100,49,Available
"Dairy, Bread & Batter",Britannia Sandwich White Bread,3300,0,4,3300,350,0,350,0,9.428571429,Available
"Dairy, Bread & Batter",iD Curd Pouch,3500,2,6,3400,400,0,400,100,8.5,Available
"Dairy, Bread & Batter",iD Idli & Dosa Batter ,8000,15,6,6800,1000,0,1,1200,6.8,Available
"Dairy, Bread & Batter",Britannia 100% Whole Wheat Bread,4500,0,4,4500,450,0,450,0,10,Available
"Dairy, Bread & Batter",Britannia Healthy Slice Sandwich Bread,4000,0,4,4000,450,0,450,0,8.888888889,Available
"Dairy, Bread & Batter",Gowardhan Classic Block Fresh Paneer,8900,8,6,8100,200,0,200,800,40.5,Available
"Dairy, Bread & Batter",Amul Processed Cheese Cubes,10600,4,6,10100,200,0,200,500,50.5,Available
"Dairy, Bread & Batter",Britannia Pav,2200,0,4,2200,250,0,250,0,8.8,Available
"Dairy, Bread & Batter",Arden Eggs White,9700,0,4,9700,696,0,12,0,13.93678161,Available
"Dairy, Bread & Batter",Nestle A+ Nourish Dahi,3500,2,6,3400,200,0,200,100,17,Available
"Dairy, Bread & Batter",Britannia Burger Bun with Sesame Seed,1500,0,4,1500,100,0,100,0,15,Available
"Dairy, Bread & Batter",Amul Frozen Malai Paneer,7500,2,6,7300,200,0,200,200,36.5,Available
"Dairy, Bread & Batter",iD Natural Paneer,10500,5,6,9900,200,0,200,600,49.5,Available
"Dairy, Bread & Batter",Britannia Fruit Bun,1700,0,3,1700,100,0,100,0,17,Available
"Dairy, Bread & Batter",Amul Cheese - Processed Slices,12200,1,6,12000,200,0,200,200,60,Available
"Dairy, Bread & Batter",iD Curd Cup,6000,0,6,6000,400,0,400,0,15,Available
"Dairy, Bread & Batter",The Bake Shop Premium White Sandwich Bread,3000,0,1,3000,400,0,400,0,7.5,Available
"Dairy, Bread & Batter",Britannia Multigrain Bread ,5500,0,4,5500,400,0,400,0,13.75,Available
"Dairy, Bread & Batter",Amul Processed Cheese Block,10600,0,6,10600,200,0,200,0,53,Available
"Dairy, Bread & Batter",Arden Eggs Brown,8500,7,4,7900,348,0,6,600,22.70114943,Available
"Dairy, Bread & Batter",Epigamia Misti Doi,3000,0,6,3000,85,0,85,0,35.29411765,Available
"Dairy, Bread & Batter",Amul Cheese - Block,24500,2,6,24000,500,0,500,500,48,Available
"Dairy, Bread & Batter",Amul Butter - Pasteurised (School Pack),5900,3,6,5700,100,0,100,200,57,Available
"Dairy, Bread & Batter",Britannia Brown Bread ,4200,0,4,4200,400,0,400,0,10.5,Available
"Dairy, Bread & Batter",Amul Fresh Cream,19700,3,3,19100,1000,0,1,600,19.1,Available
"Dairy, Bread & Batter",Epigamia Natural Greek Yogurt,4500,0,6,4500,90,0,90,0,50,Available
"Dairy, Bread & Batter",The Bake Shop Pizza Base,3000,0,1,3000,150,0,150,0,20,Available
"Dairy, Bread & Batter",Amul Delicious Fat Spread - Cholesterol Free,1800,5,6,1700,100,0,100,100,17,Available
"Dairy, Bread & Batter",D'lecta Dairy Cream,5400,5,6,5100,200,0,200,300,25.5,Available
"Dairy, Bread & Batter",Nestle A+ Actiplus Probiotic Dahi Plain Curd,7800,3,5,7500,400,0,400,300,18.75,Available
"Dairy, Bread & Batter",Bio Nutrients Pure Diet Tofu Gold ,6000,5,5,5700,200,0,200,300,28.5,Available
"Dairy, Bread & Batter",Amul Mithai Mate Condensed Sweetened Milk,5600,3,4,5400,200,0,200,200,27,Available
"Dairy, Bread & Batter",Arden Desi Eggs,11000,13,4,9500,348,0,6,1500,27.29885057,Available
"Dairy, Bread & Batter",Amul Cheese - Pepper,8500,3,6,8200,200,0,200,300,41,Available
"Dairy, Bread & Batter",Amul Cheese Spread Creamy,8500,5,6,8000,180,0,180,500,44.44444444,Available
"Dairy, Bread & Batter",The Bake Shop Foot Long,4000,0,1,4000,200,0,200,0,20,Available
"Dairy, Bread & Batter",Amul Cheese Slices,36000,0,1,35900,750,0,750,100,47.86666667,Available
"Dairy, Bread & Batter",Suguna Sharp Egg ,7200,13,3,6200,348,0,6,1000,17.81609195,Available
"Dairy, Bread & Batter",Amul Cheese Sauce Mexican Salsa,7500,4,1,7200,200,0,200,300,36,Available
"Dairy, Bread & Batter",Nestle Everyday Dairy Whitener,21000,0,4,21000,400,0,400,0,52.5,Available
"Dairy, Bread & Batter",Amul Pizza Cheese Processed,10900,4,6,10400,200,0,200,500,52,Available
"Dairy, Bread & Batter",Betty Crocker Complete Pancake Mix Original,11000,4,6,10500,250,0,500,500,42,Available
"Dairy, Bread & Batter",Amul Lite Spread,4000,2,5,3900,100,0,100,100,39,Available
"Dairy, Bread & Batter",Go Cheese Slice - Plain,14000,5,6,13300,200,0,200,700,66.5,Available
"Dairy, Bread & Batter",Pillsbury Choco Chip Pancake Mix,9900,5,6,9400,165,0,165,500,56.96969697,Available
"Dairy, Bread & Batter",RRO Sour Cream,27500,50,4,13700,200,0,200,13800,68.5,Available
"Dairy, Bread & Batter",D'lecta Natural Feta Cheese Block,10000,5,4,9500,100,0,100,500,95,Available
"Dairy, Bread & Batter",Suguna Active - DHA,7200,13,4,6200,348,0,6,1000,17.81609195,Available
"Dairy, Bread & Batter",Go Cheese Processed Angles Plain,10000,5,6,9500,160,0,160,500,59.375,Available
"Dairy, Bread & Batter",Epigamia Greek Yogurt - Natural,20000,0,1,20000,400,0,400,0,50,Available
"Dairy, Bread & Batter",Amul Unsalted Cooking Butter,24500,2,6,23800,500,0,500,700,47.6,Available
"Dairy, Bread & Batter",The Whole Truth Dark Chocolate Peanut Butter - Creamy,23500,25,6,17400,325,0,325,6100,53.53846154,Available
"Dairy, Bread & Batter",The Laughing Cow Cheese Slices,15500,0,2,15500,200,0,200,0,77.5,Available
"Dairy, Bread & Batter",Epigamia Almond Milk Unsweetened Dairy Free,30000,33,4,19900,1000,0,1,10100,19.9,Available
"Dairy, Bread & Batter",Go Cheese  Spread Plain,9900,5,6,9400,200,0,200,500,47,Available
"Dairy, Bread & Batter",So Good Almond Milk - Natural Unsweetened,7000,0,4,7000,200,0,200,0,35,Available
"Dairy, Bread & Batter",Amul Cheese Sauce Jalapeno,7500,0,5,7500,200,0,200,0,37.5,Available
"Dairy, Bread & Batter",D'lecta Cream Cheese,16900,4,4,16100,150,0,150,800,107.3333333,Available
"Dairy, Bread & Batter",Dlecta Natural Cheddar Slices,19900,5,6,18900,200,0,200,1000,94.5,Available
"Dairy, Bread & Batter",Suguna Heart- Omega3,7200,13,4,6200,348,0,6,1000,17.81609195,Available
"Dairy, Bread & Batter",Go Cheese Spread - Garlic,9900,5,6,9400,200,0,200,500,47,Available
"Dairy, Bread & Batter",Go Pizza Cheese,14000,5,6,13300,200,0,200,700,66.5,Available
"Dairy, Bread & Batter",RRO Cheddar Block Cheese,29500,50,6,14700,200,0,200,14800,73.5,Available
"Dairy, Bread & Batter",The Whole Truth Peanut Butter With Dates - Creamy No Sugar,21500,9,6,19400,325,0,325,2100,59.69230769,Available
"Dairy, Bread & Batter",Suguna Fit Egg,12000,43,4,6800,348,0,6,5200,19.54022989,Available
"Dairy, Bread & Batter",Pantai Coconut Cream,15000,4,4,14300,400,0,400,700,35.75,Available
"Dairy, Bread & Batter",RRO Fresh Ricotta,27500,50,6,13700,200,0,200,13800,68.5,Available
"Dairy, Bread & Batter",Dlecta Cheese Cubes 2,14500,5,6,13700,200,0,200,800,68.5,Available
"Dairy, Bread & Batter",RRO Mozzarella Pizza Cheese,27500,50,6,13700,200,0,200,13800,68.5,Available
"Dairy, Bread & Batter",The Laughing Cow Cheese Cubes,15000,0,4,15000,200,0,200,0,75,Available
"Dairy, Bread & Batter",Yogabar 100% Pure Peanut Butter Creamy & Yummy Unsweetened,22900,10,6,20600,400,0,400,2300,51.5,Available
"Dairy, Bread & Batter",RRO Burrata Cheese,25000,50,4,12500,200,0,200,12500,62.5,Available
"Dairy, Bread & Batter",The Whole Truth Dark Chocolate Peanut Butter - Crunchy,23500,20,5,18800,325,0,325,4700,57.84615385,Available
"Dairy, Bread & Batter",Go Cheese Processed Squares,12500,5,6,11800,200,0,200,700,59,Available
"Dairy, Bread & Batter",Funfoods Peanut Butter Crunchy,16900,7,1,15600,400,0,400,1300,39,Available
"Dairy, Bread & Batter",Amul Safed Makkhan,23500,1,6,23200,500,0,500,300,46.4,Available
"Dairy, Bread & Batter",Go Cheese Spread - Four Pepper (Soft & Creamy),9900,5,6,9400,200,0,200,500,47,Available
"Dairy, Bread & Batter",Dlicia Whip Topping Bottle,23500,27,5,17100,1000,0,1,6400,17.1,Available
"Dairy, Bread & Batter",Amulya Dairy Whitener ,38000,2,4,37200,1000,0,1,800,37.2,Available
"Dairy, Bread & Batter",Laughing Cow Cheese 8 Portion 120Gm Imported,11000,0,6,11000,120,0,120,0,91.66666667,Available
"Dairy, Bread & Batter",The Whole Truth Peanut Butter - Sweetened & Crunchy,21500,20,6,17200,325,0,325,4300,52.92307692,Available
"Dairy, Bread & Batter",Go Processed Cheese Block,12500,4,6,11900,200,0,200,600,59.5,Available
"Dairy, Bread & Batter",Go Cheese Processed Block,24900,4,6,23700,400,0,400,1200,59.25,Available
"Dairy, Bread & Batter",RRO Goat Milk Fetta Cheee,34500,31,6,23700,100,0,100,10800,237,Available
"Dairy, Bread & Batter",RRO Mascarpone Cheese,35500,50,6,17700,200,0,200,17800,88.5,Available
"Dairy, Bread & Batter",D'lecta Cheddar Cheese,19900,5,6,18900,200,0,200,1000,94.5,Available
"Dairy, Bread & Batter",Funfoods Peanut Butter Creamy,16900,0,1,16900,400,0,400,0,42.25,Available
"Dairy, Bread & Batter",Pantai Coconut Milk,15000,0,4,15000,400,0,400,0,37.5,Available
"Dairy, Bread & Batter",Dlecta Cheese Block,14500,0,6,14500,200,0,200,0,72.5,Available
"Dairy, Bread & Batter",President Butter - Salted,5400,0,6,5400,100,0,100,0,54,Available
"Dairy, Bread & Batter",The Laughing Cow Plain Processed Cheese Block,15000,0,6,15000,200,0,200,0,75,Available
"Dairy, Bread & Batter",Yoga Bar Peanut Butter Dark Chocolate Jar,24900,0,4,24900,400,0,400,0,62.25,Available
"Dairy, Bread & Batter",The Laughing Cow Cheese Spread Plain,11000,0,6,11000,180,0,180,0,61.11111111,Available
"Dairy, Bread & Batter",Amul Malai Paneer Fresh ,7600,3,0,7300,200,1,200,300,36.5,out of stock
"Dairy, Bread & Batter",Amul Taaza Toned Homogenised Milk,6600,3,0,6400,1000,1,1,200,6.4,out of stock
"Dairy, Bread & Batter",Amul Lactose Free Milk,2500,4,0,2400,250,1,250,100,9.6,out of stock
"Dairy, Bread & Batter",The Bake Shop Whole Wheat Bread,4000,0,0,4000,400,1,400,0,10,out of stock
"Dairy, Bread & Batter",Amul Slim Trim Skimmed Milk,7500,0,0,7500,1000,1,1,0,7.5,out of stock
"Dairy, Bread & Batter",Amul Pizza Cheese - Mozzarella,10000,1,0,9900,200,1,200,100,49.5,out of stock
"Dairy, Bread & Batter",The Bake Shop Pizza Base Whole Wheat,3000,0,0,3000,150,1,150,0,20,out of stock
"Dairy, Bread & Batter",Nestle A+ Slim Dahi - Low Fat,7800,3,0,7500,400,1,400,300,18.75,out of stock
"Dairy, Bread & Batter",Britannia Cheese Garlic Bread,3500,0,0,3500,300,1,300,0,11.66666667,out of stock
"Dairy, Bread & Batter",The Bake Shop Whole Wheat Ladi Pav,4000,0,0,4000,200,1,200,0,20,out of stock
"Dairy, Bread & Batter",Amul Cheese Spread Yummy Plain,8500,0,0,8500,200,1,200,0,42.5,out of stock
"Dairy, Bread & Batter",Britannia Atta Kulcha,3000,0,0,3000,250,1,250,0,12,out of stock
"Dairy, Bread & Batter",Suguna Nourish Egg,6200,0,0,6200,696,1,12,0,8.908045977,out of stock
"Dairy, Bread & Batter",The Bake Shop Multi Grain Bread,6500,0,0,6500,400,1,400,0,16.25,out of stock
"Dairy, Bread & Batter",Nestle A+ Slim Milk,8900,0,0,8900,1000,1,1,0,8.9,out of stock
"Dairy, Bread & Batter",Go Cheese Pizza Blend Mozzarella + Cheddar,12500,5,0,11800,200,1,200,700,59,out of stock
"Dairy, Bread & Batter",The Whole Truth Peanut Butter - Unsweetened & Crunchy,18500,20,0,14800,325,1,325,3700,45.53846154,out of stock
"Dairy, Bread & Batter",Amul Cheese Spread Spicy Garlic,8500,3,0,8200,200,1,200,300,41,out of stock
"Dairy, Bread & Batter",The Bake Shop Burger Buns,2000,0,0,2000,100,1,100,0,20,out of stock
"Dairy, Bread & Batter",D'lecta Shredded Mozzarella Cheese,10000,5,0,9500,140,1,140,500,67.85714286,out of stock
"Dairy, Bread & Batter",Suguna Vitamin D Egg,7500,17,0,6200,348,1,6,1300,17.81609195,out of stock
"Dairy, Bread & Batter",Pillsbury Pancake Mix - Funfetti,9900,11,0,8800,162,1,162,1100,54.32098765,out of stock
"Dairy, Bread & Batter",Prabhat Malai Paneer Pouch,8000,0,0,8000,200,1,200,0,40,out of stock
"Dairy, Bread & Batter",Suguna Nourish Egg ,7200,16,0,6000,348,1,6,1200,17.24137931,out of stock
"Dairy, Bread & Batter",RRO Mozzarella Block Cheese,29500,50,0,14700,200,1,200,14800,73.5,out of stock
Beverages,Mother Dairy Toned Milk Pouch,2500,0,4,2500,500,0,500,0,5,Available
Beverages,Mother Dairy Classic Curd,3000,3,6,2900,400,0,400,100,7.25,Available
Beverages,Mother Dairy Ultra Full Cream Milk,3100,0,4,3100,500,0,500,0,6.2,Available
Beverages,Amul Butter - Pasteurised,5000,2,6,4900,100,0,100,100,49,Available
Beverages,Britannia Sandwich White Bread,3300,0,4,3300,350,0,350,0,9.428571429,Available
Beverages,iD Curd Pouch,3500,2,6,3400,400,0,400,100,8.5,Available
Beverages,iD Idli & Dosa Batter ,8000,15,6,6800,1000,0,1,1200,6.8,Available
Beverages,Britannia 100% Whole Wheat Bread,4500,0,4,4500,450,0,450,0,10,Available
Beverages,Britannia Healthy Slice Sandwich Bread,4000,0,4,4000,450,0,450,0,8.888888889,Available
Beverages,Gowardhan Classic Block Fresh Paneer,8900,8,6,8100,200,0,200,800,40.5,Available
Beverages,Amul Processed Cheese Cubes,10600,4,6,10100,200,0,200,500,50.5,Available
Beverages,Britannia Pav,2200,0,4,2200,250,0,250,0,8.8,Available
Beverages,Arden Eggs White,9700,0,4,9700,696,0,12,0,13.93678161,Available
Beverages,Nestle A+ Nourish Dahi,3500,2,6,3400,200,0,200,100,17,Available
Beverages,Britannia Burger Bun with Sesame Seed,1500,0,4,1500,100,0,100,0,15,Available
Beverages,Amul Frozen Malai Paneer,7500,2,6,7300,200,0,200,200,36.5,Available
Beverages,iD Natural Paneer,10500,5,6,9900,200,0,200,600,49.5,Available
Beverages,Britannia Fruit Bun,1700,0,3,1700,100,0,100,0,17,Available
Beverages,Amul Cheese - Processed Slices,12200,1,6,12000,200,0,200,200,60,Available
Beverages,iD Curd Cup,6000,0,6,6000,400,0,400,0,15,Available
Beverages,The Bake Shop Premium White Sandwich Bread,3000,0,1,3000,400,0,400,0,7.5,Available
Beverages,Britannia Multigrain Bread ,5500,0,4,5500,400,0,400,0,13.75,Available
Beverages,Amul Processed Cheese Block,10600,0,6,10600,200,0,200,0,53,Available
Beverages,Arden Eggs Brown,8500,7,4,7900,348,0,6,600,22.70114943,Available
Beverages,Epigamia Misti Doi,3000,0,6,3000,85,0,85,0,35.29411765,Available
Beverages,Amul Cheese - Block,24500,2,6,24000,500,0,500,500,48,Available
Beverages,Amul Butter - Pasteurised (School Pack),5900,3,6,5700,100,0,100,200,57,Available
Beverages,Britannia Brown Bread ,4200,0,4,4200,400,0,400,0,10.5,Available
Beverages,Amul Fresh Cream,19700,3,3,19100,1000,0,1,600,19.1,Available
Beverages,Epigamia Natural Greek Yogurt,4500,0,6,4500,90,0,90,0,50,Available
Beverages,The Bake Shop Pizza Base,3000,0,1,3000,150,0,150,0,20,Available
Beverages,Amul Delicious Fat Spread - Cholesterol Free,1800,5,6,1700,100,0,100,100,17,Available
Beverages,D'lecta Dairy Cream,5400,5,6,5100,200,0,200,300,25.5,Available
Beverages,Nestle A+ Actiplus Probiotic Dahi Plain Curd,7800,3,5,7500,400,0,400,300,18.75,Available
Beverages,Bio Nutrients Pure Diet Tofu Gold ,6000,5,5,5700,200,0,200,300,28.5,Available
Beverages,Amul Mithai Mate Condensed Sweetened Milk,5600,3,4,5400,200,0,200,200,27,Available
Beverages,Arden Desi Eggs,11000,13,4,9500,348,0,6,1500,27.29885057,Available
Beverages,Amul Cheese - Pepper,8500,3,6,8200,200,0,200,300,41,Available
Beverages,Amul Cheese Spread Creamy,8500,5,6,8000,180,0,180,500,44.44444444,Available
Beverages,The Bake Shop Foot Long,4000,0,1,4000,200,0,200,0,20,Available
Beverages,Amul Cheese Slices,36000,0,1,35900,750,0,750,100,47.86666667,Available
Beverages,Suguna Sharp Egg ,7200,13,3,6200,348,0,6,1000,17.81609195,Available
Beverages,Amul Cheese Sauce Mexican Salsa,7500,4,1,7200,200,0,200,300,36,Available
Beverages,Nestle Everyday Dairy Whitener,21000,0,4,21000,400,0,400,0,52.5,Available
Beverages,Amul Pizza Cheese Processed,10900,4,6,10400,200,0,200,500,52,Available
Beverages,Betty Crocker Complete Pancake Mix Original,11000,4,6,10500,250,0,500,500,42,Available
Beverages,Amul Lite Spread,4000,2,5,3900,100,0,100,100,39,Available
Beverages,Go Cheese Slice - Plain,14000,5,6,13300,200,0,200,700,66.5,Available
Beverages,Pillsbury Choco Chip Pancake Mix,9900,5,6,9400,165,0,165,500,56.96969697,Available
Beverages,RRO Sour Cream,27500,50,4,13700,200,0,200,13800,68.5,Available
Beverages,D'lecta Natural Feta Cheese Block,10000,5,4,9500,100,0,100,500,95,Available
Beverages,Suguna Active - DHA,7200,13,4,6200,348,0,6,1000,17.81609195,Available
Beverages,Go Cheese Processed Angles Plain,10000,5,6,9500,160,0,160,500,59.375,Available
Beverages,Epigamia Greek Yogurt - Natural,20000,0,1,20000,400,0,400,0,50,Available
Beverages,Amul Unsalted Cooking Butter,24500,2,6,23800,500,0,500,700,47.6,Available
Beverages,The Whole Truth Dark Chocolate Peanut Butter - Creamy,23500,25,6,17400,325,0,325,6100,53.53846154,Available
Beverages,The Laughing Cow Cheese Slices,15500,0,2,15500,200,0,200,0,77.5,Available
Beverages,Epigamia Almond Milk Unsweetened Dairy Free,30000,33,4,19900,1000,0,1,10100,19.9,Available
Beverages,Go Cheese  Spread Plain,9900,5,6,9400,200,0,200,500,47,Available
Beverages,So Good Almond Milk - Natural Unsweetened,7000,0,4,7000,200,0,200,0,35,Available
Beverages,Amul Cheese Sauce Jalapeno,7500,0,5,7500,200,0,200,0,37.5,Available
Beverages,D'lecta Cream Cheese,16900,4,4,16100,150,0,150,800,107.3333333,Available
Beverages,Dlecta Natural Cheddar Slices,19900,5,6,18900,200,0,200,1000,94.5,Available
Beverages,Suguna Heart- Omega3,7200,13,4,6200,348,0,6,1000,17.81609195,Available
Beverages,Go Cheese Spread - Garlic,9900,5,6,9400,200,0,200,500,47,Available
Beverages,Go Pizza Cheese,14000,5,6,13300,200,0,200,700,66.5,Available
Beverages,RRO Cheddar Block Cheese,29500,50,6,14700,200,0,200,14800,73.5,Available
Beverages,The Whole Truth Peanut Butter With Dates - Creamy No Sugar,21500,9,6,19400,325,0,325,2100,59.69230769,Available
Beverages,Suguna Fit Egg,12000,43,4,6800,348,0,6,5200,19.54022989,Available
Beverages,Pantai Coconut Cream,15000,4,4,14300,400,0,400,700,35.75,Available
Beverages,RRO Fresh Ricotta,27500,50,6,13700,200,0,200,13800,68.5,Available
Beverages,Dlecta Cheese Cubes 2,14500,5,6,13700,200,0,200,800,68.5,Available
Beverages,RRO Mozzarella Pizza Cheese,27500,50,6,13700,200,0,200,13800,68.5,Available
Beverages,The Laughing Cow Cheese Cubes,15000,0,4,15000,200,0,200,0,75,Available
Beverages,Yogabar 100% Pure Peanut Butter Creamy & Yummy Unsweetened,22900,10,6,20600,400,0,400,2300,51.5,Available
Beverages,RRO Burrata Cheese,25000,50,4,12500,200,0,200,12500,62.5,Available
Beverages,The Whole Truth Dark Chocolate Peanut Butter - Crunchy,23500,20,5,18800,325,0,325,4700,57.84615385,Available
Beverages,Go Cheese Processed Squares,12500,5,6,11800,200,0,200,700,59,Available
Beverages,Funfoods Peanut Butter Crunchy,16900,7,1,15600,400,0,400,1300,39,Available
Beverages,Amul Safed Makkhan,23500,1,6,23200,500,0,500,300,46.4,Available
Beverages,Go Cheese Spread - Four Pepper (Soft & Creamy),9900,5,6,9400,200,0,200,500,47,Available
Beverages,Dlicia Whip Topping Bottle,23500,27,5,17100,1000,0,1,6400,17.1,Available
Beverages,Amulya Dairy Whitener ,38000,2,4,37200,1000,0,1,800,37.2,Available
Beverages,Laughing Cow Cheese 8 Portion 120Gm Imported,11000,0,6,11000,120,0,120,0,91.66666667,Available
Beverages,The Whole Truth Peanut Butter - Sweetened & Crunchy,21500,20,6,17200,325,0,325,4300,52.92307692,Available
Beverages,Go Processed Cheese Block,12500,4,6,11900,200,0,200,600,59.5,Available
Beverages,Go Cheese Processed Block,24900,4,6,23700,400,0,400,1200,59.25,Available
Beverages,RRO Goat Milk Fetta Cheee,34500,31,6,23700,100,0,100,10800,237,Available
Beverages,RRO Mascarpone Cheese,35500,50,6,17700,200,0,200,17800,88.5,Available
Beverages,D'lecta Cheddar Cheese,19900,5,6,18900,200,0,200,1000,94.5,Available
Beverages,Funfoods Peanut Butter Creamy,16900,0,1,16900,400,0,400,0,42.25,Available
Beverages,Pantai Coconut Milk,15000,0,4,15000,400,0,400,0,37.5,Available
Beverages,Dlecta Cheese Block,14500,0,6,14500,200,0,200,0,72.5,Available
Beverages,President Butter - Salted,5400,0,6,5400,100,0,100,0,54,Available
Beverages,The Laughing Cow Plain Processed Cheese Block,15000,0,6,15000,200,0,200,0,75,Available
Beverages,Yoga Bar Peanut Butter Dark Chocolate Jar,24900,0,4,24900,400,0,400,0,62.25,Available
Beverages,The Laughing Cow Cheese Spread Plain,11000,0,6,11000,180,0,180,0,61.11111111,Available
Beverages,Amul Malai Paneer Fresh ,7600,3,0,7300,200,1,200,300,36.5,out of stock
Beverages,Amul Taaza Toned Homogenised Milk,6600,3,0,6400,1000,1,1,200,6.4,out of stock
Beverages,Amul Lactose Free Milk,2500,4,0,2400,250,1,250,100,9.6,out of stock
Beverages,The Bake Shop Whole Wheat Bread,4000,0,0,4000,400,1,400,0,10,out of stock
Beverages,Amul Slim Trim Skimmed Milk,7500,0,0,7500,1000,1,1,0,7.5,out of stock
Beverages,Amul Pizza Cheese - Mozzarella,10000,1,0,9900,200,1,200,100,49.5,out of stock
Beverages,The Bake Shop Pizza Base Whole Wheat,3000,0,0,3000,150,1,150,0,20,out of stock
Beverages,Nestle A+ Slim Dahi - Low Fat,7800,3,0,7500,400,1,400,300,18.75,out of stock
Beverages,Britannia Cheese Garlic Bread,3500,0,0,3500,300,1,300,0,11.66666667,out of stock
Beverages,The Bake Shop Whole Wheat Ladi Pav,4000,0,0,4000,200,1,200,0,20,out of stock
Beverages,Amul Cheese Spread Yummy Plain,8500,0,0,8500,200,1,200,0,42.5,out of stock
Beverages,Britannia Atta Kulcha,3000,0,0,3000,250,1,250,0,12,out of stock
Beverages,Suguna Nourish Egg,6200,0,0,6200,696,1,12,0,8.908045977,out of stock
Beverages,The Bake Shop Multi Grain Bread,6500,0,0,6500,400,1,400,0,16.25,out of stock
Beverages,Nestle A+ Slim Milk,8900,0,0,8900,1000,1,1,0,8.9,out of stock
Beverages,Go Cheese Pizza Blend Mozzarella + Cheddar,12500,5,0,11800,200,1,200,700,59,out of stock
Beverages,The Whole Truth Peanut Butter - Unsweetened & Crunchy,18500,20,0,14800,325,1,325,3700,45.53846154,out of stock
Beverages,Amul Cheese Spread Spicy Garlic,8500,3,0,8200,200,1,200,300,41,out of stock
Beverages,The Bake Shop Burger Buns,2000,0,0,2000,100,1,100,0,20,out of stock
Beverages,D'lecta Shredded Mozzarella Cheese,10000,5,0,9500,140,1,140,500,67.85714286,out of stock
Beverages,Suguna Vitamin D Egg,7500,17,0,6200,348,1,6,1300,17.81609195,out of stock
Beverages,Pillsbury Pancake Mix - Funfetti,9900,11,0,8800,162,1,162,1100,54.32098765,out of stock
Beverages,Prabhat Malai Paneer Pouch,8000,0,0,8000,200,1,200,0,40,out of stock
Beverages,Suguna Nourish Egg ,7200,16,0,6000,348,1,6,1200,17.24137931,out of stock
Beverages,RRO Mozzarella Block Cheese,29500,50,0,14700,200,1,200,14800,73.5,out of stock
Packaged Food,Maggi 2 Minute Masala Noodles,1200,0,6,1200,70,0,70,0,17.14285714,Available
Packaged Food,iD Idli & Dosa Batter ,8000,15,6,6800,1000,0,1,1200,6.8,Available
Packaged Food,iD Malabar Parota ,8000,10,4,7200,400,0,400,800,18,Available
Packaged Food,iD Wheat Lachha Paratha,8000,12,6,7000,400,0,400,1000,17.5,Available
Packaged Food,McCain Aloo Tikki,11000,4,6,10500,400,0,400,500,26.25,Available
Packaged Food,McCain Smiles Cripsy Happy Potatoes,12000,5,6,11400,415,0,415,600,27.46987952,Available
Packaged Food,McCain Veggie Burger Patty,11500,3,6,11100,360,0,360,400,30.83333333,Available
Packaged Food,McCain Veggie Fingers,11700,5,6,11100,400,0,400,600,27.75,Available
Packaged Food,Amul Delicious Fat Spread - Cholesterol Free,1800,5,6,1700,100,0,100,100,17,Available
Packaged Food,Whiskas WetÂ  Meal (Adult - Cat Food)Â  Chicken in Gravy,3500,2,2,3400,85,0,85,100,40,Available
Packaged Food,McCain Chilli Garlic Potato Bites Crunchy Potato Nuggets,12500,5,1,11800,420,0,420,700,28.0952381,Available
Packaged Food,Ching's Secret Instant Hot Garlic Noodles,1500,0,3,1500,60,0,60,0,25,Available
Packaged Food,Veeba Eggless Mayonnaise,7900,11,5,7000,250,0,250,900,28,Available
Packaged Food,Ching's Secret Instant Schezwan Noodles,1500,0,6,1500,60,0,60,0,25,Available
Packaged Food,Veeba Pasta And Pizza Sauce,7500,13,5,6500,280,0,280,1000,23.21428571,Available
Packaged Food,Top Ramen  Noodles Curry Veg Pouch,2000,0,1,2000,70,0,70,0,28.57142857,Available
Packaged Food,Saffola Veggie Twist Masala Oats,1500,0,6,1500,38,0,38,0,39.47368421,Available
Packaged Food,Unibic Almond & Oats Protein Bar,4000,17,4,3300,30,0,30,700,110,Available
Packaged Food,Quaker Oats,7900,0,2,7900,400,0,400,0,19.75,Available
Packaged Food,McCain French Fries,12000,5,1,11400,420,0,420,600,27.14285714,Available
Packaged Food,Ching's Secret Manchow Instant Soup,1000,0,1,1000,15,0,15,0,66.66666667,Available
Packaged Food,McCain Potato Cheese Shotz,13000,4,6,12400,250,0,250,600,49.6,Available
Packaged Food,McCain Masala - Fries,12000,5,3,11400,375,0,375,600,30.4,Available
Packaged Food,Ching's Secret Schezwan Fried Rice Masala,1500,0,6,1500,20,0,20,0,75,Available
Packaged Food,McCain New Mini Samosa with Cheese Pizza Style Filling,12000,1,3,11800,240,0,240,200,49.16666667,Available
Packaged Food,McCain Chilli Cheesy Nuggets,13000,4,1,12400,250,0,250,600,49.6,Available
Packaged Food,"Whiskas Adult (+1 Year) Dry Cat Food, Ocean Fish Flavour",43000,10,6,38700,1200,0,1,4300,32.25,Available
Packaged Food,Chings Instant Soup - Hot & Sour,1000,0,1,1000,15,0,15,0,66.66666667,Available
Packaged Food,Amul Spray Infant Milk Food,19700,2,6,19300,500,0,500,400,38.6,Available
Packaged Food,McCain Smiles - Pudina Chatka,12000,5,3,11400,375,0,375,600,30.4,Available
Packaged Food,McCain French Fries Crisp & Delicious,17500,4,3,16700,750,0,750,800,22.26666667,Available
Packaged Food,Ferrero Nutella Hazelnut Spread,22000,5,2,20700,180,0,180,1300,115,Available
Packaged Food,Lijjat Garlic Papad,6000,5,5,5700,200,0,200,300,28.5,Available
Packaged Food,Switz Samosa Dough Sheets,9000,4,6,8600,50,0,50,400,172,Available
Packaged Food,Amul Cheese Spread Creamy,8500,5,6,8000,180,0,180,500,44.44444444,Available
Packaged Food,Maggi Imli Sauce Pichkoo,2200,0,6,2200,90,0,90,0,24.44444444,Available
Packaged Food,Whiskas Kitten (2-12 months) Dry Cat Food Food Ocean Fish,38500,9,5,34700,1100,0,1100,3800,31.54545455,Available
Packaged Food,Chings Instant Soup - Sweet Corn Veg,1000,0,2,1000,15,0,15,0,66.66666667,Available
Packaged Food,Whiskas WetÂ  Meal (Kitten - Cat Food)Â  Chicken in Gravy,3500,5,2,3300,85,0,85,200,38.82352941,Available
Packaged Food,McCain Crazy Fries Masala MixHot 'n' Tangy,12000,5,6,11400,400,0,400,600,28.5,Available
Packaged Food,The Whole Truth Double Cocoa Protein Bar No Sugar,10000,10,6,9000,52,0,52,1000,173.0769231,Available
Packaged Food,Amul Happy Treats French Fries,6800,4,1,6500,425,0,425,300,15.29411765,Available
Packaged Food,Ferrero Nutella Hazeulnut Spread,38000,6,5,35700,350,0,350,2300,102,Available
Packaged Food,Veeba Chipolte Southwest Dressing,16100,7,4,14900,300,0,300,1200,49.66666667,Available
Packaged Food,Ching's Secret Manchow Noodles Instant Soup,1500,0,6,1500,20,0,20,0,75,Available
Packaged Food,Yoga Bar Breakfast Protein Bar - Blueberry Pie,5000,12,1,4400,50,0,50,600,88,Available
Packaged Food,The Whole Truth Mini Protein Bar - Coconut Cocoa No Added Sugar,5500,25,6,4100,27,0,27,1400,151.8518519,Available
Packaged Food,Switz Spring Roll Dough Sheets,9000,4,6,8600,1160,0,20,400,7.413793103,Available
Packaged Food,Unibic Fruit & Nut Real Cranberries & Almonds Protein Bar,4000,17,6,3300,30,0,30,700,110,Available
Packaged Food,Ching's Secret Tomato Instant Soup,1000,0,1,1000,16,0,15,0,62.5,Available
Packaged Food,Chef's Basket Durum Wheat Elbow Pasta,16000,50,6,8000,500,0,500,8000,16,Available
Packaged Food,Sunfeast Yippee! Mood Masala Noodles,6000,28,3,4300,260,0,260,1700,16.53846154,Available
Packaged Food,MTR Breakfast Khatta Meetha Poha Mix,2500,20,6,2000,60,0,60,500,33.33333333,Available
Packaged Food,Kellogg's Crunchy Fruit & Nut Breakfast Cereals Muesli,44500,9,6,40100,750,0,750,4400,53.46666667,Available
Packaged Food,Ching's Secret Chilli Vinegar,5000,0,4,5000,170,0,170,0,29.41176471,Available
Packaged Food,Ching's Red Chilli Sauce,5500,0,6,5500,200,0,200,0,27.5,Available
Packaged Food,Amul Lite Spread,4000,2,5,3900,100,0,100,100,39,Available
Packaged Food,Borges Durum Wheat Fusilli Pasta ,25000,0,3,25000,500,0,500,0,50,Available
Packaged Food,The Whole Truth Cranberry Mini Protein Bar No Sugar,5500,20,6,4400,27,0,27,1100,162.962963,Available
Packaged Food,The Whole Truth Mini Protein Bar - Coffee Cocoa No Added Sugar,5500,20,6,4400,27,0,27,1100,162.962963,Available
Packaged Food,Maggi Hot & Sweet Tomato Chilli Sauce,11500,0,1,11500,500,0,500,0,23,Available
Packaged Food,Sunfeast YiPPee! Noodles - Magic Masala,9600,5,4,9100,540,0,540,500,16.85185185,Available
Packaged Food,Chef's Basket Durum Wheat Fusilli Pasta,16000,50,6,8000,500,0,500,8000,16,Available
Packaged Food,Top Ramen Chicken Noodles,6000,10,1,5400,280,0,280,600,19.28571429,Available
Packaged Food,Veeba Cheese and Chilli Sandwich Spread,8900,11,6,7900,275,0,275,1000,28.72727273,Available
Packaged Food,Chingâ€™s Secret Chowmein Hakka Noodles Masala ,4400,0,2,4400,60,0,60,0,73.33333333,Available
Packaged Food,Safal Frozen - Mixed Vegetables,11000,4,2,10500,1000,0,1,500,10.5,Available
Packaged Food,MTR 3 Min Poha,2500,0,6,2500,60,0,60,0,41.66666667,Available
Packaged Food,Ching's Manchurian Instant Noodles,1500,0,5,1500,60,0,60,0,25,Available
Packaged Food,The Whole Truth Peanut Cocoa Mini Protein Bar No Sugar ,5500,25,6,4100,27,0,27,1400,151.8518519,Available
Packaged Food,Gits Pav Bhaji Ready to Eat,11000,22,6,8500,300,0,300,2500,28.33333333,Available
Packaged Food,McCain New Mini Samosa with Cheese Corn Style Filling,12000,1,2,11800,240,0,240,200,49.16666667,Available
Packaged Food,Lijjat Udad Mini Papad,6000,6,6,5600,200,0,200,400,28,Available
Packaged Food,McCain Herb & Garlic Crazy Fries Masala Mix ,12000,5,5,11400,400,0,400,600,28.5,Available
Packaged Food,Yoga Bar Multigrain Energy Bar Nuts And Seeds,4000,12,4,3500,38,0,38,500,92.10526316,Available
Packaged Food,"Ching's Secret Sauce, Green Chilli",5500,0,5,5500,190,0,190,0,28.94736842,Available
Packaged Food,Veeba Pizza Topping,7500,6,4,7000,280,0,280,500,25,Available
Packaged Food,Switz Paratha Puff,11000,4,6,10500,400,0,400,500,26.25,Available
Packaged Food,"New Kellogg's Muesli with 21% Fruit, Nut & Seeds",32500,6,6,30500,500,0,500,2000,61,Available
Packaged Food,The Whole Truth Double Cocoa Mini Protein Bar No Sugar,5500,20,5,4400,27,0,27,1100,162.962963,Available
Packaged Food,Sunfeast Yippee Tricolor Pasta Seasoning,2800,17,1,2300,65,0,65,500,35.38461538,Available
Packaged Food,Wingreens Cheesy Chipotle Sauce,9900,49,1,5000,130,0,130,4900,38.46153846,Available
Packaged Food,Maggi Rich Tomato Ketchup,10500,4,2,10000,500,0,500,500,20,Available
Packaged Food,The Whole Truth Dark Chocolate Peanut Butter - Creamy,23500,25,6,17400,325,0,325,6100,53.53846154,Available
Packaged Food,Godrej Yummiez Chicken Nuggets,32500,9,1,29300,500,0,500,3200,58.6,Available
Packaged Food,Go Cheese  Spread Plain,9900,5,6,9400,200,0,200,500,47,Available
Packaged Food,Kellogg's Real Almond & Honey Corn Flakes,17500,9,6,15800,300,0,300,1700,52.66666667,Available
Packaged Food,The Whole Truth Vegan Almond Choco Fudge Energy Bar No Sugar,6000,20,6,4800,40,0,40,1200,120,Available
Packaged Food,Prasuma Vegetable Momos,27000,0,5,27000,24,0,24,0,1125,Available
Packaged Food,MTR Upma,5000,10,6,4500,160,0,160,500,28.125,Available
Packaged Food,Ching's Schezwan Masala Instant Noodles,6000,0,1,6000,240,0,240,0,25,Available
Packaged Food,The Whole Truth Cranberry Protein Bar No Sugar,10000,26,6,7400,52,0,52,2600,142.3076923,Available
Packaged Food,Saffola Yummy Masala Noodles ,2000,0,2,2000,46,0,46,0,43.47826087,Available
Packaged Food,Veeba English Mustard,7400,6,2,6900,300,0,300,500,23,Available
Packaged Food,Dabur Hommade Tamarind Paste,4800,6,6,4500,200,0,200,300,22.5,Available
Packaged Food,Yoga Bar Breakfast Muesli - Almond Caramel (No Added Sugar),32500,4,6,30900,400,0,400,1600,77.25,Available
Packaged Food,The Whole Truth Mini Protein Bar - Peanut Butter No Added Sugar,5500,25,6,4100,27,0,27,1400,151.8518519,Available
Packaged Food,ITC Master Chef Crispy Chicken Fries ,17000,4,3,16200,280,0,280,800,57.85714286,Available
Packaged Food,Kelloggs Corn Flakes,9900,13,6,8600,250,0,250,1300,34.4,Available
Packaged Food,Nissin Cup Noodles Tangy Tomato,5000,10,2,4500,70,0,70,500,64.28571429,Available
Packaged Food,Smith & Jones White Pasta Sauce Mix,4000,0,3,4000,46,0,46,0,86.95652174,Available
Packaged Food,Sunfeast Yippee! Pasta Treat - Sour Cream Onion,2800,10,1,2500,65,0,65,300,38.46153846,Available
Packaged Food,Mothers Recipe Tamrind Date Chutney ,5500,9,2,5000,200,0,200,500,25,Available
Packaged Food,Veeba Mint Mayonnaise,16900,8,4,15500,300,0,300,1400,51.66666667,Available
Packaged Food,Mccain Emotibites - Crispy Happy Potato Snack,13000,0,6,12900,415,0,415,100,31.08433735,Available
Packaged Food,The Whole Truth Energy Bar Choco Cranberry Fudge,6000,26,6,4400,40,0,40,1600,110,Available
Packaged Food,Godrej Yummiez Chicken Lucknowi Seekh Kebab,26000,10,4,23400,400,0,400,2600,58.5,Available
Packaged Food,Mother's Recipe Mixed Pickle,8500,9,2,7700,300,0,300,800,25.66666667,Available
Packaged Food,The Whole Truth Peanut Cocoa Protein Bar No Sugar,10000,26,6,7400,52,0,52,2600,142.3076923,Available
Packaged Food,Yoga Bar Breakfast Muesli - Chocolate & Cranberry ,32500,4,6,30900,400,0,400,1600,77.25,Available
Packaged Food,Sunfeast YiPPee! Magic Masala Noodles,7000,10,3,6300,405,0,405,700,15.55555556,Available
Packaged Food,Veeba Sweet Onion Sauce,14100,14,4,12100,350,0,350,2000,34.57142857,Available
Packaged Food,Quaker Oats Breakfast Cereals - With Flavour Mix Nutritious Rich Source Of Energy,4900,8,6,4500,200,0,200,400,22.5,Available
Packaged Food,Mother's Recipe Tamarind Paste,5000,2,6,4900,200,0,200,100,24.5,Available
Packaged Food,Yogabar No Added Sugar Protein Bar Brownie,12500,15,4,10600,60,0,60,1900,176.6666667,Available
Packaged Food,Bambino Popular Vermicelli ,4000,2,3,3900,400,0,400,100,9.75,Available
Packaged Food,Ching's Secret Mix Veg Instant Soup,1000,0,3,1000,15,0,15,0,66.66666667,Available
Packaged Food,Mother's Recipe Pickle - Red Stuffed Chilli,14500,11,3,12900,400,0,400,1600,32.25,Available
Packaged Food,Kellogg's No Added Sugar Muesli,33500,11,6,29800,500,0,500,3700,59.6,Available
Packaged Food,Veeba Salsa Dip,11900,6,6,11100,360,0,360,800,30.83333333,Available
Packaged Food,Veeba Thousand Island Dressing,14900,8,6,13700,300,0,300,1200,45.66666667,Available
Packaged Food,Baggry's Crunchy Muesli Almond Raisins & Honey,13000,0,5,13000,200,0,200,0,65,Available
Packaged Food,Knorr Chinese Hot And Sour Veg Soup,5500,3,1,5300,43,0,43,200,123.255814,Available
Packaged Food,Go Cheese Spread - Garlic,9900,5,6,9400,200,0,200,500,47,Available
Packaged Food,The Whole Truth Peanut Butter With Dates - Creamy No Sugar,21500,9,6,19400,325,0,325,2100,59.69230769,Available
Packaged Food,Zorabian Chicken Smoked Ham,20500,5,1,19400,250,0,250,1100,77.6,Available
Packaged Food,Kissan Pineapple Jam,16500,9,1,14900,500,0,500,1600,29.8,Available
Packaged Food,Smith & Jones Masala Noodles,8900,0,5,8900,480,0,480,0,18.54166667,Available
Packaged Food,Nestle Nestle Nan Pro Follow-Up Formula,65000,0,6,65000,400,0,400,0,162.5,Available
Packaged Food,Sunfeast Yippee! Power Up Atta Noodles,9600,15,6,8100,280,0,280,1500,28.92857143,Available
Packaged Food,McCain Super Wedges,12000,7,6,11100,400,0,400,900,27.75,Available
Packaged Food,"Kellogg's Crunchy Granola Honey, Almonds, Strawberries & Pumpkin Seeds",33000,10,1,29400,450,0,450,3600,65.33333333,Available
Packaged Food,Kellogg's Chocos,13000,10,6,11700,250,0,250,1300,46.8,Available
Packaged Food,Ching's Secret Just Soak - Whole Wheat Veg Hakka Noodle,3200,0,3,3200,150,0,150,0,21.33333333,Available
Packaged Food,The Whole Truth Vegan Fig Apricot & Orange Energy Bar No Sugar,6000,20,6,4800,40,0,40,1200,120,Available
Packaged Food,ITC Master Chef Classic Aloo Tikki,8000,10,3,7200,320,0,320,800,22.5,Available
Packaged Food,Smith & Jones Pink Pasta Sauce Mix,4000,0,4,4000,46,0,46,0,86.95652174,Available
Packaged Food,Wingreens Farms Chipotle Dip,20000,25,1,15000,180,0,180,5000,83.33333333,Available
Packaged Food,Kellogg's Crunchy Granola Chocolate & Almonds,33000,10,3,29400,450,0,450,3600,65.33333333,Available
Packaged Food,Cornitos Cornitos Taco Shells - 6 Inches,16000,20,4,12800,180,0,180,3200,71.11111111,Available
Packaged Food,Ching's Secret Singapore Curry Instant Noodles,1500,0,3,1500,60,0,60,0,25,Available
Packaged Food,Mother's Recipe Pickle - Mango,12500,9,6,11300,400,0,500,1200,28.25,Available
Packaged Food,Godrej Yummiez Chilli Chicken Sausages ,16000,10,3,14400,250,0,250,1600,57.6,Available
Packaged Food,Pedigree Dentastix  Dog Treat Oral Care for Adult Medium Breed ,17500,20,6,14000,180,0,180,3500,77.77777778,Available
Packaged Food,Maggi Hot & Sweet - Tomato Chilli Sauce,17000,10,1,15300,1000,0,1,1700,15.3,Available
Packaged Food,Ching's Secret Asian Hot Instant Soup,1500,0,3,1500,15,0,15,0,100,Available
Packaged Food,Kelloggâ€™s Chocos Protein And Fibre Of 1 Roti,49900,11,6,44400,1200,0,1,5500,37,Available
Packaged Food,Chings Secret Manchurian Instant Noodle,6000,0,6,6000,240,0,240,0,25,Available
Packaged Food,Kellogg's Original Corn Flakes,31000,6,6,29000,875,0,875,2000,33.14285714,Available
Packaged Food,Ching's Singapore Curry Instant Noodles,6000,0,4,6000,240,0,240,0,25,Available
Packaged Food,Kellogg's Almonds And Cranberries Granola,33000,6,6,31000,460,0,460,2000,67.39130435,Available
Packaged Food,Nestle Ceregrow Multigrain Cereal with Milk and Fruits - 3 to 6 years,29200,0,6,29200,300,0,300,0,97.33333333,Available
Packaged Food,MTR 3 Minute Breakfast - Magic Masala Upma,2500,0,6,2500,60,0,60,0,41.66666667,Available
Packaged Food,"Knorr Classic Tomato Soup With 100% Real Vegetabls, No Added Preservatives",5500,0,6,5500,53,0,53,0,103.7735849,Available
Packaged Food,Godrej Yummiez Chicken Punjabi Tikka ,29500,9,6,26600,360,0,360,2900,73.88888889,Available
Packaged Food,Kellogg's Corn Flakes,42500,9,1,38300,1000,0,1,4200,38.3,Available
Packaged Food,Kelloggs Chocos,17000,5,4,16000,385,0,385,1000,41.55844156,Available
Packaged Food,Pedigree Puppy Dry Dog Food Food Chicken & Milk,29000,20,6,23200,1200,0,1200,5800,19.33333333,Available
Packaged Food,Ching's Secret Lemon Coriander Instant Soup,1500,0,5,1500,15,0,15,0,100,Available
Packaged Food,Nestle Cerelac Baby Cereal With Milk Wheat-Rice Mixed Fruit,26100,0,6,26100,300,0,300,0,87,Available
Packaged Food,Kelloggs Chocos - Moons & Stars,66000,40,4,39600,1200,0,1,26400,33,Available
Packaged Food,ITC Master Chef Chicken Galouti Kebab,17000,4,2,16200,210,0,210,800,77.14285714,Available
Packaged Food,Yogabar 100% Pure Peanut Butter Creamy & Yummy Unsweetened,22900,10,6,20600,400,0,400,2300,51.5,Available
Packaged Food,Kitchens Of India Palak Paneer,13000,30,6,9100,285,0,285,3900,31.92982456,Available
Packaged Food,Kelloggs Chocos Fills Double Chocolat,9900,11,6,8800,175,0,175,1100,50.28571429,Available
Packaged Food,Soulfull Ragi Bites Choco Fills,16900,5,4,16000,250,0,250,900,64,Available
Packaged Food,Figaro Sliced Black Olive ,17900,0,6,17900,450,0,450,0,39.77777778,Available
Packaged Food,Veeba Barbeque Sauce,14900,8,6,13700,330,0,330,1200,41.51515152,Available
Packaged Food,The Whole Truth Vegan Mocha Almond Fudge Energy Bar No Sugar,6000,20,6,4800,40,0,40,1200,120,Available
Packaged Food,"The Whole Truth - Nuts, Fruits & Seeds Muesli",32500,20,6,26000,350,0,350,6500,74.28571429,Available
Packaged Food,Pantai Green Curry Paste,15000,14,5,12800,114,0,114,2200,112.2807018,Available
Packaged Food,Kelloggs Special K,21000,8,5,19200,435,0,435,1800,44.13793103,Available
Packaged Food,Moi Soi Sichuan Chilli Oil- For Stir Fry Marinade Spread & Dip,28000,50,5,14000,175,0,175,14000,80,Available
Packaged Food,Mother's Recipe Madras Appalam,5000,10,6,4500,100,0,100,500,45,Available
Packaged Food,Top Ramen Masala Oat Masala,8000,10,6,7200,280,0,280,800,25.71428571,Available
Packaged Food,Saffola Everyday Peppy Tomato Masala Oats,19500,12,6,17100,500,0,500,2400,34.2,Available
Packaged Food,"Ching's Secret Instant Noodles, Hot Garlic",6000,0,4,6000,240,0,240,0,25,Available
Packaged Food,Kitchens Of India Chicken Chettinad,20000,30,1,14000,285,0,285,6000,49.12280702,Available
Packaged Food,Nestle Cerelac Wheat - Stage 1,19000,0,6,19000,300,0,300,0,63.33333333,Available
Packaged Food,Sumeru Aloo Paratha,11900,5,6,11300,400,0,400,600,28.25,Available
Packaged Food,ITC Master Chef Veggie Pizza Pocket,17000,4,4,16200,340,0,340,800,47.64705882,Available
Packaged Food,Wingreens Farms Tangy Cheese Pita Chips & Mexican Salsa Dip,6000,15,1,5100,70,0,70,900,72.85714286,Available
Packaged Food,Ching's Secret Manchow Soup,5500,0,3,5500,55,0,55,0,100,Available
Packaged Food,Veeba Carrot & Cucumber Sandwich Spread,8500,10,6,7600,250,0,250,900,30.4,Available
Packaged Food,Kitchens Of India Mughlai Paneer,16000,30,4,11200,285,0,285,4800,39.29824561,Available
Packaged Food,Ching's Secret Just Soak - Veg Hakka Noodles,3000,0,5,3000,150,0,150,0,20,Available
Packaged Food,Ching's Secret Chowmein Hakka Noodles Masala,6000,10,2,5400,100,0,100,600,54,Available
Packaged Food,The Whole Truth Dark Chocolate Peanut Butter - Crunchy,23500,20,5,18800,325,0,325,4700,57.84615385,Available
Packaged Food,Mother's Recipe Bhel Puri Chutney,5500,9,4,5000,200,0,200,500,25,Available
Packaged Food,Kelloggs Chocos Moon & Stars,33000,10,6,29400,680,0,680,3600,43.23529412,Available
Packaged Food,Mother's Recipe Lime Pickle ,12000,5,1,11400,400,0,400,600,28.5,Available
Packaged Food,Kitchens of India Dal Makhani,11000,30,2,7700,285,0,285,3300,27.01754386,Available
Packaged Food,Pantai Light Soy Sauce,27500,14,5,23400,200,0,200,4100,117,Available
Packaged Food,Ching's Secret Sweet Corn Soup,5500,0,6,5500,55,0,55,0,100,Available
Packaged Food,"Top Ramen Noodles, Atta",8000,0,1,8000,280,0,280,0,28.57142857,Available
Packaged Food,Cantina Tortilla Dip Sauce Sour Creamy Tex Mex,22500,15,5,19100,190,0,190,3400,100.5263158,Available
Packaged Food,Dabur Hommade - Rajasthan Ki Garlic Chutne,6500,6,6,6100,200,0,200,400,30.5,Available
Packaged Food,MTR Seviyan Vermicelli ,4200,0,2,4200,400,0,400,0,10.5,Available
Packaged Food,Pantai Oyster Sauce,27500,14,4,23400,200,0,200,4100,117,Available
Packaged Food,Go Cheese Spread - Four Pepper (Soft & Creamy),9900,5,6,9400,200,0,200,500,47,Available
Packaged Food,MTR Ready To Eat Paneer Butter Masala,13500,9,2,12200,300,0,300,1300,40.66666667,Available
Packaged Food,Nestle Lactogen Stage 2 Follow-up Formula Powder,34000,0,2,34000,400,0,400,0,85,Available
Packaged Food,Kellogg's Crunchy Bites Chocos,19000,10,6,17100,375,0,375,1900,45.6,Available
Packaged Food,Veeba Hot Sweet Tomato Chilli Sauce,10400,20,3,8300,500,0,500,2100,16.6,Available
Packaged Food,Borges Durum Wheat Pasta Superior Quality,25000,40,6,14900,500,0,500,10100,29.8,Available
Packaged Food,Funfoods Peanut Butter Crunchy,16900,7,1,15600,400,0,400,1300,39,Available
Packaged Food,Pantai Red Curry Paste,6000,0,4,6000,50,0,50,0,120,Available
Packaged Food,ITC Master Chef Chicken Seekh Kabab,32500,0,6,32500,500,0,500,0,65,Available
Packaged Food,Del Monte Pizza & Pasta Sauce Spout Pack,9900,0,3,9900,400,0,400,0,24.75,Available
Packaged Food,Pantai Sriracha Red Chilli Sauce,22500,15,6,19100,200,0,200,3400,95.5,Available
Packaged Food,Hershey's Cocoa Spread,29500,0,3,29500,350,0,350,0,84.28571429,Available
Packaged Food,Maggi Ghee Tadka Upma Express Pouch,2500,0,6,2500,65,0,65,0,38.46153846,Available
Packaged Food,Ching's Secret Manchurian Noodles,9100,0,5,9100,360,0,360,0,25.27777778,Available
Packaged Food,Kellogg's All Bran Wheat Flakes,22000,6,5,20500,425,0,425,1500,48.23529412,Available
Packaged Food,Yummiez Chicken Breakfast Sausages,15000,0,3,15000,250,0,250,0,60,Available
Packaged Food,Bagrrys Muesli Crunchy Fruit & Nut With Cranberries,33000,10,6,29700,400,0,400,3300,74.25,Available
Packaged Food,Quaker Oats Pouch,27600,10,6,24800,1500,0,1,2800,16.53333333,Available
Packaged Food,Prasuma Momos -  Cheesy Spicy Veg,29500,0,6,29500,24,0,24,0,1229.166667,Available
Packaged Food,Veeba Sriracha Chilli Garlic Sauce,14900,8,5,13700,320,0,320,1200,42.8125,Available
Packaged Food,Moi Soi Kung Pao Sauce - For Stir Fry Marinade Spread & Dip,28000,50,5,14000,175,0,175,14000,80,Available
Packaged Food,Figaro Plain Green Olive ,17900,0,6,17900,450,0,450,0,39.77777778,Available
Packaged Food,Mother's Recipe Gujrati Gorkeri Pickle,14000,10,3,12600,500,0,500,1400,25.2,Available
Packaged Food,Kellogg's Muesli 20% Nuts Delight,32000,0,6,32000,500,0,500,0,64,Available
Packaged Food,Borges Farfalle Durum Wheat Pasta ,25000,0,5,25000,500,0,500,0,50,Available
Packaged Food,Nestle Nan Pro 4 Follow Up Formula Powder For Older Infants ,62000,0,1,62000,400,0,400,0,155,Available
Packaged Food,Veeba Truly Tomato Ketchup,9900,20,6,7900,500,0,500,2000,15.8,Available
Packaged Food,Ching's Secret Green Chilli Sauce,8500,4,1,8100,680,0,680,400,11.91176471,Available
Packaged Food,MTR Roasted Vermicelli ,5500,0,1,5500,400,0,400,0,13.75,Available
Packaged Food,Mother's Recipe Punjabi Teekha Mang Pickle,12000,10,4,10800,400,0,400,1200,27,Available
Packaged Food,Ching's Secret Hot Garlic Instant Noodles,11400,0,6,11400,480,0,480,0,23.75,Available
Packaged Food,Kellogg's Real Honey Corn Flakes,29000,7,5,26700,630,0,630,2300,42.38095238,Available
Packaged Food,ITC Master Chef Lebanese Falafel Kebab,13000,4,4,12400,230,0,230,600,53.91304348,Available
Packaged Food,Kelloggs Chocos Fills Double Chocolaty,18500,10,5,16500,250,0,250,2000,66,Available
Packaged Food,Organic India Apple Cider Vinegar,59500,9,2,53600,500,0,500,5900,107.2,Available
Packaged Food,Masala Oats Masala & Coriander ,19500,9,5,17600,500,0,500,1900,35.2,Available
Packaged Food,Ching's Secret  Noodles - Pad Thai Lemongras,20000,0,5,20000,130,0,130,0,153.8461538,Available
Packaged Food,Bagrrys Fruit and Nut Muesli with Cranberries,49900,0,5,49900,750,0,750,0,66.53333333,Available
Packaged Food,Kitchens Of India Yellow Dal Tadka,11000,30,6,7700,285,0,285,3300,27.01754386,Available
Packaged Food,Soulfull Vanilla Fills - Ragi Bites,16900,5,6,16000,250,0,250,900,64,Available
Packaged Food,Pantai Teriyaki Sauce with Garlic,32500,15,6,27600,200,0,200,4900,138,Available
Packaged Food,Whiskas Adult Pocket Tuna Cat Food,41000,0,1,41000,1200,0,1,0,34.16666667,Available
Packaged Food,Kitchens Of India Chicken Darbari ,20000,30,4,14000,285,0,285,6000,49.12280702,Available
Packaged Food,Soulfull Millet Muesli Fruit & Nut Almonds & Real Fruits,29900,10,6,26900,400,0,400,3000,67.25,Available
Packaged Food,Smith & Jones Red Pasta Sauce Mix,4000,0,6,4000,46,0,46,0,86.95652174,Available
Packaged Food,Kellogg's Muesli Nuts Delight,42500,9,3,38300,750,0,750,4200,51.06666667,Available
Packaged Food,Kitchens of India Dal Bukhara Gravy Mix,11000,30,6,7700,285,0,285,3300,27.01754386,Available
Packaged Food,The Whole Truth Peanut Butter - Sweetened & Crunchy,21500,20,6,17200,325,0,325,4300,52.92307692,Available
Packaged Food,Remia Mayonnaise,23000,0,6,23000,241,0,241,0,95.43568465,Available
Packaged Food,Bagrrys Fruit N Fibre Muesli - Strawberry,59500,0,1,59500,1000,0,1,0,59.5,Available
Packaged Food,Ching's Secret Tomato Oats Instant Soup,1500,0,3,1500,20,0,20,0,75,Available
Packaged Food,Kellogg's Special K Original Corn Flakes,14000,5,1,13300,290,0,290,700,45.86206897,Available
Packaged Food,Moi Soi  Black Bean Sauce - Dip Spread Stir Fry & Marinade,28000,50,5,14000,175,0,175,14000,80,Available
Packaged Food,Tong Garden Wasabi Green Peas,17500,4,6,16700,150,0,150,800,111.3333333,Available
Packaged Food,Ching's Secret Red Chilli Sauce,10500,0,4,10500,440,0,440,0,23.86363636,Available
Packaged Food,Ching's Instant Hot and Sour Soup,5500,0,5,5500,55,0,55,0,100,Available
Packaged Food,Ching's Secret Noodles - Pad Thai Original,20000,0,6,20000,130,0,130,0,153.8461538,Available
Packaged Food,Aashirvaad Instant Meals - Khatta Meetha Pohaa With Millets,5500,30,5,3800,80,0,80,1700,47.5,Available
Packaged Food,Del Monte Black Sliced Olives,25000,0,1,25000,450,0,450,0,55.55555556,Available
Packaged Food,Kitchens Of India Murgh Methi,22000,30,5,15400,285,0,285,6600,54.03508772,Available
Packaged Food,Nestle Cerelac 5 Grains & Fruits Cereal,28800,0,6,28800,300,0,300,0,96,Available
Packaged Food,The Whole Truth - 5 Grain Muesli No Added Sugar,32500,20,6,26000,350,0,350,6500,74.28571429,Available
Packaged Food,Ching's Secret  Pad Thai Noodles Green Curry,20000,0,6,20000,130,0,130,0,153.8461538,Available
Packaged Food,Aashirvaad Suji Halwa With Jaggery,7500,0,6,7500,70,0,70,0,107.1428571,Available
Packaged Food,Mother's Recipe Mango Pickle ,12000,0,1,12000,400,0,400,0,30,Available
Packaged Food,Ching's Secret Pad Thai Noodles - Extra Hot Thai Chilli,20000,0,6,20000,130,0,130,0,153.8461538,Available
Packaged Food,Knorr Sweet Corn Chicken Soup,5500,0,2,5500,42,0,42,0,130.952381,Available
Packaged Food,Ching's Secret Tomato Soup,5500,0,6,5500,55,0,55,0,100,Available
Packaged Food,Funfoods Peanut Butter Creamy,16900,0,1,16900,400,0,400,0,42.25,Available
Packaged Food,Japanese Choice Udon Noodles,29500,9,6,26600,250,0,250,2900,106.4,Available
Packaged Food,Kelloggs Muesli - With 22% Fruit Magic,32000,10,5,28800,500,0,500,3200,57.6,Available
Packaged Food,Dabur Hommade - Kalonji Tamatar Ki Chutney,6500,6,6,6100,200,0,200,400,30.5,Available
Packaged Food,Kitchens Of India Dal Makhani,11000,30,1,7700,285,0,285,3300,27.01754386,Available
Packaged Food,Del Monte Green Chili Sauce,5500,0,3,5500,190,0,190,0,28.94736842,Available
Packaged Food,Pedigree Dog Food Adult Chicken & Veg,66000,10,1,59400,3000,0,3,6600,19.8,Available
Packaged Food,Kitchens Of India Rajma Masala,11000,30,5,7700,285,0,285,3300,27.01754386,Available
Packaged Food,Kitchen Of India Ready-To-Eat Pindi Channa,11000,30,2,7700,285,0,285,3300,27.01754386,Available
Packaged Food,Figaro Pitted Black Olive ,17900,0,6,17900,450,0,450,0,39.77777778,Available
Packaged Food,Cantina Tabasco Red Sauce,14000,15,6,11900,60,0,60,2100,198.3333333,Available
Packaged Food,Mother's Recipe Pickle - Mixed,14900,26,6,10900,500,0,500,4000,21.8,Available
Packaged Food,Nestle Cerelac Baby Cereal with Milk 5 Grains & Vegetables from 18 to 24 Month,27900,0,5,27900,300,0,300,0,93,Available
Packaged Food,Pedigree Meat Jerky Adult Dog Treat Barbecued Chicken,14000,20,6,11200,80,0,80,2800,140,Available
Packaged Food,Veeba Peri Peri Sauce,16100,0,6,16100,300,0,300,0,53.66666667,Available
Packaged Food,Pantai Sriracha Yellow Chilli Sauce,22500,15,6,19100,200,0,200,3400,95.5,Available
Packaged Food,Praakritik Organic Jumbo Rolled Oats,19000,11,6,16900,500,0,500,2100,33.8,Available
Packaged Food,Ching's Secret Just Soak - Whole Wheat Veg Hakka Noodles,12300,0,6,12300,600,0,600,0,20.5,Available
Packaged Food,Pantai Spring Roll Sauce,27500,10,6,24500,200,0,200,3000,122.5,Available
Packaged Food,MTR Vermicelli Payasam,7500,0,6,7500,180,0,180,0,41.66666667,Available
Packaged Food,Bagrrys Corn Flakes,35000,0,6,35000,880,0,800,0,39.77272727,Available
Packaged Food,MTR Ready To Eat Palak Paneer ,13500,11,6,12000,300,0,300,1500,40,Available
Packaged Food,Del Monte Red Chili Sauce,5500,0,5,5500,190,0,190,0,28.94736842,Available
Packaged Food,Kitchens of India Mutter Paneer Mix,12000,30,4,8400,285,0,285,3600,29.47368421,Available
Packaged Food,The Laughing Cow Cheese Spread Plain,11000,0,6,11000,180,0,180,0,61.11111111,Available
Packaged Food,MTR Dal Fry,11000,0,5,11000,300,0,300,0,36.66666667,Available
Packaged Food,Pantai Fish Sauce,27500,14,6,23400,200,0,200,4100,117,Available
Packaged Food,Cantina Beans Mexican Beans,25000,14,6,21300,410,0,410,3700,51.95121951,Available
Packaged Food,Ching's Secret Manchurian Instant Noodle,11400,0,6,11400,480,0,480,0,23.75,Available
Packaged Food,Remia Salad Italian Dressing ,23000,0,6,23000,250,0,250,0,92,Available
Packaged Food,Yummiez Veg Cheese Fingers Pouch,23000,0,4,23000,400,0,400,0,57.5,Available
Packaged Food,MTR Dal Makhani,11000,0,4,11000,300,0,300,0,36.66666667,Available
Packaged Food,MTR Ready to Eat Pav Bhaji,11000,0,6,11000,300,0,300,0,36.66666667,Available
Packaged Food,Weikfield Tomato Salsa Instant Pasta,2500,0,1,2500,77,0,77,0,32.46753247,Available
Packaged Food,NestlÃ© CERELAC Baby Cereal with Milk,27200,0,1,27200,300,0,300,0,90.66666667,Available
Packaged Food,Remia Salad Caesar Dressing,25000,0,6,25000,250,0,250,0,100,Available
Packaged Food,Bagrrys Fruit N Fibre Muesli Mixed Fruit,33000,0,6,33000,500,0,500,0,66,Available
Packaged Food,MTR Paneer Butter Masala & Veg Pulao,17500,9,4,15800,375,0,375,1700,42.13333333,Available
Packaged Food,Sundrop Cocoa Nut Hazelnut Chocolatey Spread,12000,0,6,12000,160,0,160,0,75,Available
Packaged Food,Moi Soi Manchurian Sauce - For Stir Fry Marinade Spread & Dip,28000,50,6,14000,175,0,175,14000,80,Available
Packaged Food,Pedigree Dog Food Adult Meat & Rice,66000,7,2,60800,3000,0,3,5200,20.26666667,Available
Packaged Food,Pantai Sriracha Green Chilli Sauce,22500,15,6,19100,200,0,200,3400,95.5,Available
Packaged Food,Pantai Chilli Garlic Sauce,27500,14,6,23400,200,0,200,4100,117,Available
Packaged Food,Pantai Dark Soy Sauce,27500,14,6,23400,200,0,200,4100,117,Available
Packaged Food,Yoga Bar Peanut Butter Dark Chocolate Jar,24900,0,4,24900,400,0,400,0,62.25,Available
Packaged Food,Cantina Tabasco Green Sauce,14000,15,6,11900,60,0,60,2100,198.3333333,Available
Packaged Food,Pantai Pad Thai Sauce (Non-Veg),32500,9,5,29300,200,0,200,3200,146.5,Available
Packaged Food,Pantai Sweet Chilli Sauce,27500,14,6,23400,200,0,200,4100,117,Available
Packaged Food,Ching's Secret Schezwan Instant Noodle,11400,0,6,11400,480,0,480,0,23.75,Available
Packaged Food,Yummiez Chicken Garlic Fingers Pouch,25000,0,5,25000,400,0,400,0,62.5,Available
Packaged Food,Pediasure Premium Chocolate Powdered Health Drink,61000,0,2,61000,400,0,400,0,152.5,Available
Packaged Food,Chings Secret Hot Garlic Instant Noodles,9100,0,6,9100,60,0,60,0,151.6666667,Available
Packaged Food,Godrej Yummiez Cheese Corn Nuggets ,23000,0,4,23000,400,0,400,0,57.5,Available
Packaged Food,Pantai Hot Chilli Sauce,27500,14,6,23400,200,0,200,4100,117,Available
Packaged Food,Knorr International Mexican Tomato Corn Soup ,6500,6,3,6100,52,0,52,400,117.3076923,Available
Packaged Food,Bagrry's Fruit Fibre Muesli Mixed Fruit ,59500,0,5,59500,1000,0,1,0,59.5,Available
Packaged Food,Maggi 2-Minute Instant Noodles - Masala,4400,0,0,4400,280,1,280,0,15.71428571,out of stock
Packaged Food,"Kurkure Green Chutney, Rajasthani Style",2000,0,0,2000,90,1,90,0,22.22222222,out of stock
Packaged Food,Kellogg's Chocos Combo Pack,6000,6,0,5600,156,1,156,400,35.8974359,out of stock
Packaged Food,Kissan Mixed Fruit Jam ,15500,0,0,15500,500,1,500,0,31,out of stock
Packaged Food,Lijjat Urad Papad,6000,5,0,5700,200,1,200,300,28.5,out of stock
Packaged Food,Amul Cheese Spread Yummy Plain,8500,0,0,8500,200,1,200,0,42.5,out of stock
Packaged Food,Mother's Recipe Ginger And Garlic Paste,5000,24,0,3800,200,1,200,1200,19,out of stock
Packaged Food,Maggi Magic Cubes Chicken,4000,2,0,3900,40,1,40,100,97.5,out of stock
Packaged Food,Pedigree Puppy Chicken Chunks in Gravy ,3500,2,0,3400,70,1,70,100,48.57142857,out of stock
Packaged Food,The Whole Truth Peanut Butter - Unsweetened & Crunchy,18500,20,0,14800,325,1,325,3700,45.53846154,out of stock
Packaged Food,Ching's Chow Mein Hakka Noodles Masala,1000,0,0,1000,20,1,20,0,50,out of stock
Packaged Food,Safal Frozen Mixed Vegetables,6000,5,0,5700,500,1,500,300,11.4,out of stock
Packaged Food,Safal Frozen Corn,4100,4,0,3900,200,1,200,200,19.5,out of stock
Packaged Food,Amul Cheese Spread Spicy Garlic,8500,3,0,8200,200,1,200,300,41,out of stock
Packaged Food,Ching's Secret Veg Hakka Noodles,10700,0,0,10700,600,1,600,0,17.83333333,out of stock
Packaged Food,Saffola Oats 100 % Natural,1500,0,0,1500,38,1,38,0,39.47368421,out of stock
Packaged Food,Lijjat Moong Papad,6000,5,0,5700,200,1,200,300,28.5,out of stock
Packaged Food,Mothers Recipe Papad - Sabudana With Rock Salt,3100,9,0,2800,70,1,70,300,40,out of stock
Packaged Food,Maggi Chilly Chow Cuppa Noodles,5000,0,0,5000,70,1,70,0,71.42857143,out of stock
Packaged Food,Veeba Favourites Eggless Burger Mayonnaise,6900,8,0,6300,250,1,250,600,25.2,out of stock
Packaged Food,Sunfeast Yippee! Magic Masala Noodles,4800,6,0,4500,240,1,240,300,18.75,out of stock
Packaged Food,Top Ramen Masala,9100,9,0,8200,560,1,560,900,14.64285714,out of stock
Packaged Food,Kelloggs Corn Flakes With Real Strawberry Pure,26500,10,0,23600,575,1,575,2900,41.04347826,out of stock
Packaged Food,Mother's Recipe Potato Papad,3100,9,0,2800,70,1,75,300,40,out of stock
Packaged Food,Mothers Recipe Rice Papad Ajwain,2400,0,0,2400,75,1,75,0,32,out of stock
Packaged Food,Chef's Basket Durum Wheat Penne Pasta,16000,50,0,8000,500,1,500,8000,16,out of stock
Packaged Food,Dabur Hommade - Imli Sauce Saunth,2000,10,0,1800,100,1,100,200,18,out of stock
Packaged Food,Zorabian Chicken Kheema Parathas,19000,0,0,19000,300,1,300,0,63.33333333,out of stock
Packaged Food,Sunfeast Pasta Treat Pack of Tomato Cheese,2800,17,0,2300,65,1,65,500,35.38461538,out of stock
Packaged Food,Safal Frozen - Sweet Corn,16000,5,0,15200,1000,1,1,800,15.2,out of stock
Packaged Food,MTR Vegetable Upma,2500,0,0,2500,60,1,60,0,41.66666667,out of stock
Packaged Food,Del Monte Original Blend Tomato Ketchup Pouch,12000,7,0,11100,950,1,950,900,11.68421053,out of stock
Packaged Food,Del Monte Natural Vinegar ,5500,3,0,5300,180,1,180,200,29.44444444,out of stock
Packaged Food,Del Monte Eggless Mayo,13500,6,0,12600,500,1,500,900,25.2,out of stock
Packaged Food,ITC Master Chef Cheesy Corn Triangles,16000,5,0,15200,320,1,320,800,47.5,out of stock
Packaged Food,Mother's Recipe Mixed Pickle ,11500,4,0,11000,400,1,400,500,27.5,out of stock
Packaged Food,Godrej Yummiez Chicken Breakfast Salami,15000,4,0,14300,250,1,250,700,57.2,out of stock
Packaged Food,Hershey's Cocoa + Almond Spread,29500,9,0,26600,350,1,350,2900,76,out of stock
Packaged Food,Maggi Special Masala Spicy Yummy Noodles,7200,0,0,7200,280,1,280,0,25.71428571,out of stock
Packaged Food,Del Monte Schezwan Sauce,5500,0,0,5500,190,1,190,0,28.94736842,out of stock
Packaged Food,Yummiez Green Peas,13500,0,0,13500,500,1,500,0,27,out of stock
Packaged Food,Yummiez American Sweet Corn,8500,0,0,8500,400,1,400,0,21.25,out of stock
Packaged Food,Dr Oetker Cucumber & Carrot Sandwich Spread Veg,7900,0,0,7900,250,1,250,0,31.6,out of stock
Packaged Food,Del Monte Pitted Green Olives,25000,0,0,25000,450,1,450,0,55.55555556,out of stock
Ice Cream & Desserts,Maggi 2 Minute Masala Noodles,1200,0,6,1200,70,0,70,0,17.14285714,Available
Ice Cream & Desserts,iD Idli & Dosa Batter ,8000,15,6,6800,1000,0,1,1200,6.8,Available
Ice Cream & Desserts,iD Malabar Parota ,8000,10,4,7200,400,0,400,800,18,Available
Ice Cream & Desserts,iD Wheat Lachha Paratha,8000,12,6,7000,400,0,400,1000,17.5,Available
Ice Cream & Desserts,McCain Aloo Tikki,11000,4,6,10500,400,0,400,500,26.25,Available
Ice Cream & Desserts,McCain Smiles Cripsy Happy Potatoes,12000,5,6,11400,415,0,415,600,27.46987952,Available
Ice Cream & Desserts,McCain Veggie Burger Patty,11500,3,6,11100,360,0,360,400,30.83333333,Available
Ice Cream & Desserts,McCain Veggie Fingers,11700,5,6,11100,400,0,400,600,27.75,Available
Ice Cream & Desserts,Amul Delicious Fat Spread - Cholesterol Free,1800,5,6,1700,100,0,100,100,17,Available
Ice Cream & Desserts,Whiskas WetÂ  Meal (Adult - Cat Food)Â  Chicken in Gravy,3500,2,2,3400,85,0,85,100,40,Available
Ice Cream & Desserts,McCain Chilli Garlic Potato Bites Crunchy Potato Nuggets,12500,5,1,11800,420,0,420,700,28.0952381,Available
Ice Cream & Desserts,Ching's Secret Instant Hot Garlic Noodles,1500,0,3,1500,60,0,60,0,25,Available
Ice Cream & Desserts,Veeba Eggless Mayonnaise,7900,11,5,7000,250,0,250,900,28,Available
Ice Cream & Desserts,Ching's Secret Instant Schezwan Noodles,1500,0,6,1500,60,0,60,0,25,Available
Ice Cream & Desserts,Veeba Pasta And Pizza Sauce,7500,13,5,6500,280,0,280,1000,23.21428571,Available
Ice Cream & Desserts,Top Ramen  Noodles Curry Veg Pouch,2000,0,1,2000,70,0,70,0,28.57142857,Available
Ice Cream & Desserts,Saffola Veggie Twist Masala Oats,1500,0,6,1500,38,0,38,0,39.47368421,Available
Ice Cream & Desserts,Unibic Almond & Oats Protein Bar,4000,17,4,3300,30,0,30,700,110,Available
Ice Cream & Desserts,Quaker Oats,7900,0,2,7900,400,0,400,0,19.75,Available
Ice Cream & Desserts,McCain French Fries,12000,5,1,11400,420,0,420,600,27.14285714,Available
Ice Cream & Desserts,Ching's Secret Manchow Instant Soup,1000,0,1,1000,15,0,15,0,66.66666667,Available
Ice Cream & Desserts,McCain Potato Cheese Shotz,13000,4,6,12400,250,0,250,600,49.6,Available
Ice Cream & Desserts,McCain Masala - Fries,12000,5,3,11400,375,0,375,600,30.4,Available
Ice Cream & Desserts,Ching's Secret Schezwan Fried Rice Masala,1500,0,6,1500,20,0,20,0,75,Available
Ice Cream & Desserts,McCain New Mini Samosa with Cheese Pizza Style Filling,12000,1,3,11800,240,0,240,200,49.16666667,Available
Ice Cream & Desserts,McCain Chilli Cheesy Nuggets,13000,4,1,12400,250,0,250,600,49.6,Available
Ice Cream & Desserts,"Whiskas Adult (+1 Year) Dry Cat Food, Ocean Fish Flavour",43000,10,6,38700,1200,0,1,4300,32.25,Available
Ice Cream & Desserts,Chings Instant Soup - Hot & Sour,1000,0,1,1000,15,0,15,0,66.66666667,Available
Ice Cream & Desserts,Amul Spray Infant Milk Food,19700,2,6,19300,500,0,500,400,38.6,Available
Ice Cream & Desserts,McCain Smiles - Pudina Chatka,12000,5,3,11400,375,0,375,600,30.4,Available
Ice Cream & Desserts,McCain French Fries Crisp & Delicious,17500,4,3,16700,750,0,750,800,22.26666667,Available
Ice Cream & Desserts,Ferrero Nutella Hazelnut Spread,22000,5,2,20700,180,0,180,1300,115,Available
Ice Cream & Desserts,Lijjat Garlic Papad,6000,5,5,5700,200,0,200,300,28.5,Available
Ice Cream & Desserts,Switz Samosa Dough Sheets,9000,4,6,8600,50,0,50,400,172,Available
Ice Cream & Desserts,Amul Cheese Spread Creamy,8500,5,6,8000,180,0,180,500,44.44444444,Available
Ice Cream & Desserts,Maggi Imli Sauce Pichkoo,2200,0,6,2200,90,0,90,0,24.44444444,Available
Ice Cream & Desserts,Whiskas Kitten (2-12 months) Dry Cat Food Food Ocean Fish,38500,9,5,34700,1100,0,1100,3800,31.54545455,Available
Ice Cream & Desserts,Chings Instant Soup - Sweet Corn Veg,1000,0,2,1000,15,0,15,0,66.66666667,Available
Ice Cream & Desserts,Whiskas WetÂ  Meal (Kitten - Cat Food)Â  Chicken in Gravy,3500,5,2,3300,85,0,85,200,38.82352941,Available
Ice Cream & Desserts,McCain Crazy Fries Masala MixHot 'n' Tangy,12000,5,6,11400,400,0,400,600,28.5,Available
Ice Cream & Desserts,The Whole Truth Double Cocoa Protein Bar No Sugar,10000,10,6,9000,52,0,52,1000,173.0769231,Available
Ice Cream & Desserts,Amul Happy Treats French Fries,6800,4,1,6500,425,0,425,300,15.29411765,Available
Ice Cream & Desserts,Ferrero Nutella Hazeulnut Spread,38000,6,5,35700,350,0,350,2300,102,Available
Ice Cream & Desserts,Veeba Chipolte Southwest Dressing,16100,7,4,14900,300,0,300,1200,49.66666667,Available
Ice Cream & Desserts,Ching's Secret Manchow Noodles Instant Soup,1500,0,6,1500,20,0,20,0,75,Available
Ice Cream & Desserts,Yoga Bar Breakfast Protein Bar - Blueberry Pie,5000,12,1,4400,50,0,50,600,88,Available
Ice Cream & Desserts,The Whole Truth Mini Protein Bar - Coconut Cocoa No Added Sugar,5500,25,6,4100,27,0,27,1400,151.8518519,Available
Ice Cream & Desserts,Switz Spring Roll Dough Sheets,9000,4,6,8600,1160,0,20,400,7.413793103,Available
Ice Cream & Desserts,Unibic Fruit & Nut Real Cranberries & Almonds Protein Bar,4000,17,6,3300,30,0,30,700,110,Available
Ice Cream & Desserts,Ching's Secret Tomato Instant Soup,1000,0,1,1000,16,0,15,0,62.5,Available
Ice Cream & Desserts,Chef's Basket Durum Wheat Elbow Pasta,16000,50,6,8000,500,0,500,8000,16,Available
Ice Cream & Desserts,Sunfeast Yippee! Mood Masala Noodles,6000,28,3,4300,260,0,260,1700,16.53846154,Available
Ice Cream & Desserts,MTR Breakfast Khatta Meetha Poha Mix,2500,20,6,2000,60,0,60,500,33.33333333,Available
Ice Cream & Desserts,Kellogg's Crunchy Fruit & Nut Breakfast Cereals Muesli,44500,9,6,40100,750,0,750,4400,53.46666667,Available
Ice Cream & Desserts,Ching's Secret Chilli Vinegar,5000,0,4,5000,170,0,170,0,29.41176471,Available
Ice Cream & Desserts,Ching's Red Chilli Sauce,5500,0,6,5500,200,0,200,0,27.5,Available
Ice Cream & Desserts,Amul Lite Spread,4000,2,5,3900,100,0,100,100,39,Available
Ice Cream & Desserts,Borges Durum Wheat Fusilli Pasta ,25000,0,3,25000,500,0,500,0,50,Available
Ice Cream & Desserts,The Whole Truth Cranberry Mini Protein Bar No Sugar,5500,20,6,4400,27,0,27,1100,162.962963,Available
Ice Cream & Desserts,The Whole Truth Mini Protein Bar - Coffee Cocoa No Added Sugar,5500,20,6,4400,27,0,27,1100,162.962963,Available
Ice Cream & Desserts,Maggi Hot & Sweet Tomato Chilli Sauce,11500,0,1,11500,500,0,500,0,23,Available
Ice Cream & Desserts,Sunfeast YiPPee! Noodles - Magic Masala,9600,5,4,9100,540,0,540,500,16.85185185,Available
Ice Cream & Desserts,Chef's Basket Durum Wheat Fusilli Pasta,16000,50,6,8000,500,0,500,8000,16,Available
Ice Cream & Desserts,Top Ramen Chicken Noodles,6000,10,1,5400,280,0,280,600,19.28571429,Available
Ice Cream & Desserts,Veeba Cheese and Chilli Sandwich Spread,8900,11,6,7900,275,0,275,1000,28.72727273,Available
Ice Cream & Desserts,Chingâ€™s Secret Chowmein Hakka Noodles Masala ,4400,0,2,4400,60,0,60,0,73.33333333,Available
Ice Cream & Desserts,Safal Frozen - Mixed Vegetables,11000,4,2,10500,1000,0,1,500,10.5,Available
Ice Cream & Desserts,MTR 3 Min Poha,2500,0,6,2500,60,0,60,0,41.66666667,Available
Ice Cream & Desserts,Ching's Manchurian Instant Noodles,1500,0,5,1500,60,0,60,0,25,Available
Ice Cream & Desserts,The Whole Truth Peanut Cocoa Mini Protein Bar No Sugar ,5500,25,6,4100,27,0,27,1400,151.8518519,Available
Ice Cream & Desserts,Gits Pav Bhaji Ready to Eat,11000,22,6,8500,300,0,300,2500,28.33333333,Available
Ice Cream & Desserts,McCain New Mini Samosa with Cheese Corn Style Filling,12000,1,2,11800,240,0,240,200,49.16666667,Available
Ice Cream & Desserts,Lijjat Udad Mini Papad,6000,6,6,5600,200,0,200,400,28,Available
Ice Cream & Desserts,McCain Herb & Garlic Crazy Fries Masala Mix ,12000,5,5,11400,400,0,400,600,28.5,Available
Ice Cream & Desserts,Yoga Bar Multigrain Energy Bar Nuts And Seeds,4000,12,4,3500,38,0,38,500,92.10526316,Available
Ice Cream & Desserts,"Ching's Secret Sauce, Green Chilli",5500,0,5,5500,190,0,190,0,28.94736842,Available
Ice Cream & Desserts,Veeba Pizza Topping,7500,6,4,7000,280,0,280,500,25,Available
Ice Cream & Desserts,Switz Paratha Puff,11000,4,6,10500,400,0,400,500,26.25,Available
Ice Cream & Desserts,"New Kellogg's Muesli with 21% Fruit, Nut & Seeds",32500,6,6,30500,500,0,500,2000,61,Available
Ice Cream & Desserts,The Whole Truth Double Cocoa Mini Protein Bar No Sugar,5500,20,5,4400,27,0,27,1100,162.962963,Available
Ice Cream & Desserts,Sunfeast Yippee Tricolor Pasta Seasoning,2800,17,1,2300,65,0,65,500,35.38461538,Available
Ice Cream & Desserts,Wingreens Cheesy Chipotle Sauce,9900,49,1,5000,130,0,130,4900,38.46153846,Available
Ice Cream & Desserts,Maggi Rich Tomato Ketchup,10500,4,2,10000,500,0,500,500,20,Available
Ice Cream & Desserts,The Whole Truth Dark Chocolate Peanut Butter - Creamy,23500,25,6,17400,325,0,325,6100,53.53846154,Available
Ice Cream & Desserts,Godrej Yummiez Chicken Nuggets,32500,9,1,29300,500,0,500,3200,58.6,Available
Ice Cream & Desserts,Go Cheese  Spread Plain,9900,5,6,9400,200,0,200,500,47,Available
Ice Cream & Desserts,Kellogg's Real Almond & Honey Corn Flakes,17500,9,6,15800,300,0,300,1700,52.66666667,Available
Ice Cream & Desserts,The Whole Truth Vegan Almond Choco Fudge Energy Bar No Sugar,6000,20,6,4800,40,0,40,1200,120,Available
Ice Cream & Desserts,Prasuma Vegetable Momos,27000,0,5,27000,24,0,24,0,1125,Available
Ice Cream & Desserts,MTR Upma,5000,10,6,4500,160,0,160,500,28.125,Available
Ice Cream & Desserts,Ching's Schezwan Masala Instant Noodles,6000,0,1,6000,240,0,240,0,25,Available
Ice Cream & Desserts,The Whole Truth Cranberry Protein Bar No Sugar,10000,26,6,7400,52,0,52,2600,142.3076923,Available
Ice Cream & Desserts,Saffola Yummy Masala Noodles ,2000,0,2,2000,46,0,46,0,43.47826087,Available
Ice Cream & Desserts,Veeba English Mustard,7400,6,2,6900,300,0,300,500,23,Available
Ice Cream & Desserts,Dabur Hommade Tamarind Paste,4800,6,6,4500,200,0,200,300,22.5,Available
Ice Cream & Desserts,Yoga Bar Breakfast Muesli - Almond Caramel (No Added Sugar),32500,4,6,30900,400,0,400,1600,77.25,Available
Ice Cream & Desserts,The Whole Truth Mini Protein Bar - Peanut Butter No Added Sugar,5500,25,6,4100,27,0,27,1400,151.8518519,Available
Ice Cream & Desserts,ITC Master Chef Crispy Chicken Fries ,17000,4,3,16200,280,0,280,800,57.85714286,Available
Ice Cream & Desserts,Kelloggs Corn Flakes,9900,13,6,8600,250,0,250,1300,34.4,Available
Ice Cream & Desserts,Nissin Cup Noodles Tangy Tomato,5000,10,2,4500,70,0,70,500,64.28571429,Available
Ice Cream & Desserts,Smith & Jones White Pasta Sauce Mix,4000,0,3,4000,46,0,46,0,86.95652174,Available
Ice Cream & Desserts,Sunfeast Yippee! Pasta Treat - Sour Cream Onion,2800,10,1,2500,65,0,65,300,38.46153846,Available
Ice Cream & Desserts,Mothers Recipe Tamrind Date Chutney ,5500,9,2,5000,200,0,200,500,25,Available
Ice Cream & Desserts,Veeba Mint Mayonnaise,16900,8,4,15500,300,0,300,1400,51.66666667,Available
Ice Cream & Desserts,Mccain Emotibites - Crispy Happy Potato Snack,13000,0,6,12900,415,0,415,100,31.08433735,Available
Ice Cream & Desserts,The Whole Truth Energy Bar Choco Cranberry Fudge,6000,26,6,4400,40,0,40,1600,110,Available
Ice Cream & Desserts,Godrej Yummiez Chicken Lucknowi Seekh Kebab,26000,10,4,23400,400,0,400,2600,58.5,Available
Ice Cream & Desserts,Mother's Recipe Mixed Pickle,8500,9,2,7700,300,0,300,800,25.66666667,Available
Ice Cream & Desserts,The Whole Truth Peanut Cocoa Protein Bar No Sugar,10000,26,6,7400,52,0,52,2600,142.3076923,Available
Ice Cream & Desserts,Yoga Bar Breakfast Muesli - Chocolate & Cranberry ,32500,4,6,30900,400,0,400,1600,77.25,Available
Ice Cream & Desserts,Sunfeast YiPPee! Magic Masala Noodles,7000,10,3,6300,405,0,405,700,15.55555556,Available
Ice Cream & Desserts,Veeba Sweet Onion Sauce,14100,14,4,12100,350,0,350,2000,34.57142857,Available
Ice Cream & Desserts,Quaker Oats Breakfast Cereals - With Flavour Mix Nutritious Rich Source Of Energy,4900,8,6,4500,200,0,200,400,22.5,Available
Ice Cream & Desserts,Mother's Recipe Tamarind Paste,5000,2,6,4900,200,0,200,100,24.5,Available
Ice Cream & Desserts,Yogabar No Added Sugar Protein Bar Brownie,12500,15,4,10600,60,0,60,1900,176.6666667,Available
Ice Cream & Desserts,Bambino Popular Vermicelli ,4000,2,3,3900,400,0,400,100,9.75,Available
Ice Cream & Desserts,Ching's Secret Mix Veg Instant Soup,1000,0,3,1000,15,0,15,0,66.66666667,Available
Ice Cream & Desserts,Mother's Recipe Pickle - Red Stuffed Chilli,14500,11,3,12900,400,0,400,1600,32.25,Available
Ice Cream & Desserts,Kellogg's No Added Sugar Muesli,33500,11,6,29800,500,0,500,3700,59.6,Available
Ice Cream & Desserts,Veeba Salsa Dip,11900,6,6,11100,360,0,360,800,30.83333333,Available
Ice Cream & Desserts,Veeba Thousand Island Dressing,14900,8,6,13700,300,0,300,1200,45.66666667,Available
Ice Cream & Desserts,Baggry's Crunchy Muesli Almond Raisins & Honey,13000,0,5,13000,200,0,200,0,65,Available
Ice Cream & Desserts,Knorr Chinese Hot And Sour Veg Soup,5500,3,1,5300,43,0,43,200,123.255814,Available
Ice Cream & Desserts,Go Cheese Spread - Garlic,9900,5,6,9400,200,0,200,500,47,Available
Ice Cream & Desserts,The Whole Truth Peanut Butter With Dates - Creamy No Sugar,21500,9,6,19400,325,0,325,2100,59.69230769,Available
Ice Cream & Desserts,Zorabian Chicken Smoked Ham,20500,5,1,19400,250,0,250,1100,77.6,Available
Ice Cream & Desserts,Kissan Pineapple Jam,16500,9,1,14900,500,0,500,1600,29.8,Available
Ice Cream & Desserts,Smith & Jones Masala Noodles,8900,0,5,8900,480,0,480,0,18.54166667,Available
Ice Cream & Desserts,Nestle Nestle Nan Pro Follow-Up Formula,65000,0,6,65000,400,0,400,0,162.5,Available
Ice Cream & Desserts,Sunfeast Yippee! Power Up Atta Noodles,9600,15,6,8100,280,0,280,1500,28.92857143,Available
Ice Cream & Desserts,McCain Super Wedges,12000,7,6,11100,400,0,400,900,27.75,Available
Ice Cream & Desserts,"Kellogg's Crunchy Granola Honey, Almonds, Strawberries & Pumpkin Seeds",33000,10,1,29400,450,0,450,3600,65.33333333,Available
Ice Cream & Desserts,Kellogg's Chocos,13000,10,6,11700,250,0,250,1300,46.8,Available
Ice Cream & Desserts,Ching's Secret Just Soak - Whole Wheat Veg Hakka Noodle,3200,0,3,3200,150,0,150,0,21.33333333,Available
Ice Cream & Desserts,The Whole Truth Vegan Fig Apricot & Orange Energy Bar No Sugar,6000,20,6,4800,40,0,40,1200,120,Available
Ice Cream & Desserts,ITC Master Chef Classic Aloo Tikki,8000,10,3,7200,320,0,320,800,22.5,Available
Ice Cream & Desserts,Smith & Jones Pink Pasta Sauce Mix,4000,0,4,4000,46,0,46,0,86.95652174,Available
Ice Cream & Desserts,Wingreens Farms Chipotle Dip,20000,25,1,15000,180,0,180,5000,83.33333333,Available
Ice Cream & Desserts,Kellogg's Crunchy Granola Chocolate & Almonds,33000,10,3,29400,450,0,450,3600,65.33333333,Available
Ice Cream & Desserts,Cornitos Cornitos Taco Shells - 6 Inches,16000,20,4,12800,180,0,180,3200,71.11111111,Available
Ice Cream & Desserts,Ching's Secret Singapore Curry Instant Noodles,1500,0,3,1500,60,0,60,0,25,Available
Ice Cream & Desserts,Mother's Recipe Pickle - Mango,12500,9,6,11300,400,0,500,1200,28.25,Available
Ice Cream & Desserts,Godrej Yummiez Chilli Chicken Sausages ,16000,10,3,14400,250,0,250,1600,57.6,Available
Ice Cream & Desserts,Pedigree Dentastix  Dog Treat Oral Care for Adult Medium Breed ,17500,20,6,14000,180,0,180,3500,77.77777778,Available
Ice Cream & Desserts,Maggi Hot & Sweet - Tomato Chilli Sauce,17000,10,1,15300,1000,0,1,1700,15.3,Available
Ice Cream & Desserts,Ching's Secret Asian Hot Instant Soup,1500,0,3,1500,15,0,15,0,100,Available
Ice Cream & Desserts,Kelloggâ€™s Chocos Protein And Fibre Of 1 Roti,49900,11,6,44400,1200,0,1,5500,37,Available
Ice Cream & Desserts,Chings Secret Manchurian Instant Noodle,6000,0,6,6000,240,0,240,0,25,Available
Ice Cream & Desserts,Kellogg's Original Corn Flakes,31000,6,6,29000,875,0,875,2000,33.14285714,Available
Ice Cream & Desserts,Ching's Singapore Curry Instant Noodles,6000,0,4,6000,240,0,240,0,25,Available
Ice Cream & Desserts,Kellogg's Almonds And Cranberries Granola,33000,6,6,31000,460,0,460,2000,67.39130435,Available
Ice Cream & Desserts,Nestle Ceregrow Multigrain Cereal with Milk and Fruits - 3 to 6 years,29200,0,6,29200,300,0,300,0,97.33333333,Available
Ice Cream & Desserts,MTR 3 Minute Breakfast - Magic Masala Upma,2500,0,6,2500,60,0,60,0,41.66666667,Available
Ice Cream & Desserts,"Knorr Classic Tomato Soup With 100% Real Vegetabls, No Added Preservatives",5500,0,6,5500,53,0,53,0,103.7735849,Available
Ice Cream & Desserts,Godrej Yummiez Chicken Punjabi Tikka ,29500,9,6,26600,360,0,360,2900,73.88888889,Available
Ice Cream & Desserts,Kellogg's Corn Flakes,42500,9,1,38300,1000,0,1,4200,38.3,Available
Ice Cream & Desserts,Kelloggs Chocos,17000,5,4,16000,385,0,385,1000,41.55844156,Available
Ice Cream & Desserts,Pedigree Puppy Dry Dog Food Food Chicken & Milk,29000,20,6,23200,1200,0,1200,5800,19.33333333,Available
Ice Cream & Desserts,Ching's Secret Lemon Coriander Instant Soup,1500,0,5,1500,15,0,15,0,100,Available
Ice Cream & Desserts,Nestle Cerelac Baby Cereal With Milk Wheat-Rice Mixed Fruit,26100,0,6,26100,300,0,300,0,87,Available
Ice Cream & Desserts,Kelloggs Chocos - Moons & Stars,66000,40,4,39600,1200,0,1,26400,33,Available
Ice Cream & Desserts,ITC Master Chef Chicken Galouti Kebab,17000,4,2,16200,210,0,210,800,77.14285714,Available
Ice Cream & Desserts,Yogabar 100% Pure Peanut Butter Creamy & Yummy Unsweetened,22900,10,6,20600,400,0,400,2300,51.5,Available
Ice Cream & Desserts,Kitchens Of India Palak Paneer,13000,30,6,9100,285,0,285,3900,31.92982456,Available
Ice Cream & Desserts,Kelloggs Chocos Fills Double Chocolat,9900,11,6,8800,175,0,175,1100,50.28571429,Available
Ice Cream & Desserts,Soulfull Ragi Bites Choco Fills,16900,5,4,16000,250,0,250,900,64,Available
Ice Cream & Desserts,Figaro Sliced Black Olive ,17900,0,6,17900,450,0,450,0,39.77777778,Available
Ice Cream & Desserts,Veeba Barbeque Sauce,14900,8,6,13700,330,0,330,1200,41.51515152,Available
Ice Cream & Desserts,The Whole Truth Vegan Mocha Almond Fudge Energy Bar No Sugar,6000,20,6,4800,40,0,40,1200,120,Available
Ice Cream & Desserts,"The Whole Truth - Nuts, Fruits & Seeds Muesli",32500,20,6,26000,350,0,350,6500,74.28571429,Available
Ice Cream & Desserts,Pantai Green Curry Paste,15000,14,5,12800,114,0,114,2200,112.2807018,Available
Ice Cream & Desserts,Kelloggs Special K,21000,8,5,19200,435,0,435,1800,44.13793103,Available
Ice Cream & Desserts,Moi Soi Sichuan Chilli Oil- For Stir Fry Marinade Spread & Dip,28000,50,5,14000,175,0,175,14000,80,Available
Ice Cream & Desserts,Mother's Recipe Madras Appalam,5000,10,6,4500,100,0,100,500,45,Available
Ice Cream & Desserts,Top Ramen Masala Oat Masala,8000,10,6,7200,280,0,280,800,25.71428571,Available
Ice Cream & Desserts,Saffola Everyday Peppy Tomato Masala Oats,19500,12,6,17100,500,0,500,2400,34.2,Available
Ice Cream & Desserts,"Ching's Secret Instant Noodles, Hot Garlic",6000,0,4,6000,240,0,240,0,25,Available
Ice Cream & Desserts,Kitchens Of India Chicken Chettinad,20000,30,1,14000,285,0,285,6000,49.12280702,Available
Ice Cream & Desserts,Nestle Cerelac Wheat - Stage 1,19000,0,6,19000,300,0,300,0,63.33333333,Available
Ice Cream & Desserts,Sumeru Aloo Paratha,11900,5,6,11300,400,0,400,600,28.25,Available
Ice Cream & Desserts,ITC Master Chef Veggie Pizza Pocket,17000,4,4,16200,340,0,340,800,47.64705882,Available
Ice Cream & Desserts,Wingreens Farms Tangy Cheese Pita Chips & Mexican Salsa Dip,6000,15,1,5100,70,0,70,900,72.85714286,Available
Ice Cream & Desserts,Ching's Secret Manchow Soup,5500,0,3,5500,55,0,55,0,100,Available
Ice Cream & Desserts,Veeba Carrot & Cucumber Sandwich Spread,8500,10,6,7600,250,0,250,900,30.4,Available
Ice Cream & Desserts,Kitchens Of India Mughlai Paneer,16000,30,4,11200,285,0,285,4800,39.29824561,Available
Ice Cream & Desserts,Ching's Secret Just Soak - Veg Hakka Noodles,3000,0,5,3000,150,0,150,0,20,Available
Ice Cream & Desserts,Ching's Secret Chowmein Hakka Noodles Masala,6000,10,2,5400,100,0,100,600,54,Available
Ice Cream & Desserts,The Whole Truth Dark Chocolate Peanut Butter - Crunchy,23500,20,5,18800,325,0,325,4700,57.84615385,Available
Ice Cream & Desserts,Mother's Recipe Bhel Puri Chutney,5500,9,4,5000,200,0,200,500,25,Available
Ice Cream & Desserts,Kelloggs Chocos Moon & Stars,33000,10,6,29400,680,0,680,3600,43.23529412,Available
Ice Cream & Desserts,Mother's Recipe Lime Pickle ,12000,5,1,11400,400,0,400,600,28.5,Available
Ice Cream & Desserts,Kitchens of India Dal Makhani,11000,30,2,7700,285,0,285,3300,27.01754386,Available
Ice Cream & Desserts,Pantai Light Soy Sauce,27500,14,5,23400,200,0,200,4100,117,Available
Ice Cream & Desserts,Ching's Secret Sweet Corn Soup,5500,0,6,5500,55,0,55,0,100,Available
Ice Cream & Desserts,"Top Ramen Noodles, Atta",8000,0,1,8000,280,0,280,0,28.57142857,Available
Ice Cream & Desserts,Cantina Tortilla Dip Sauce Sour Creamy Tex Mex,22500,15,5,19100,190,0,190,3400,100.5263158,Available
Ice Cream & Desserts,Dabur Hommade - Rajasthan Ki Garlic Chutne,6500,6,6,6100,200,0,200,400,30.5,Available
Ice Cream & Desserts,MTR Seviyan Vermicelli ,4200,0,2,4200,400,0,400,0,10.5,Available
Ice Cream & Desserts,Pantai Oyster Sauce,27500,14,4,23400,200,0,200,4100,117,Available
Ice Cream & Desserts,Go Cheese Spread - Four Pepper (Soft & Creamy),9900,5,6,9400,200,0,200,500,47,Available
Ice Cream & Desserts,MTR Ready To Eat Paneer Butter Masala,13500,9,2,12200,300,0,300,1300,40.66666667,Available
Ice Cream & Desserts,Nestle Lactogen Stage 2 Follow-up Formula Powder,34000,0,2,34000,400,0,400,0,85,Available
Ice Cream & Desserts,Kellogg's Crunchy Bites Chocos,19000,10,6,17100,375,0,375,1900,45.6,Available
Ice Cream & Desserts,Veeba Hot Sweet Tomato Chilli Sauce,10400,20,3,8300,500,0,500,2100,16.6,Available
Ice Cream & Desserts,Borges Durum Wheat Pasta Superior Quality,25000,40,6,14900,500,0,500,10100,29.8,Available
Ice Cream & Desserts,Funfoods Peanut Butter Crunchy,16900,7,1,15600,400,0,400,1300,39,Available
Ice Cream & Desserts,Pantai Red Curry Paste,6000,0,4,6000,50,0,50,0,120,Available
Ice Cream & Desserts,ITC Master Chef Chicken Seekh Kabab,32500,0,6,32500,500,0,500,0,65,Available
Ice Cream & Desserts,Del Monte Pizza & Pasta Sauce Spout Pack,9900,0,3,9900,400,0,400,0,24.75,Available
Ice Cream & Desserts,Pantai Sriracha Red Chilli Sauce,22500,15,6,19100,200,0,200,3400,95.5,Available
Ice Cream & Desserts,Hershey's Cocoa Spread,29500,0,3,29500,350,0,350,0,84.28571429,Available
Ice Cream & Desserts,Maggi Ghee Tadka Upma Express Pouch,2500,0,6,2500,65,0,65,0,38.46153846,Available
Ice Cream & Desserts,Ching's Secret Manchurian Noodles,9100,0,5,9100,360,0,360,0,25.27777778,Available
Ice Cream & Desserts,Kellogg's All Bran Wheat Flakes,22000,6,5,20500,425,0,425,1500,48.23529412,Available
Ice Cream & Desserts,Yummiez Chicken Breakfast Sausages,15000,0,3,15000,250,0,250,0,60,Available
Ice Cream & Desserts,Bagrrys Muesli Crunchy Fruit & Nut With Cranberries,33000,10,6,29700,400,0,400,3300,74.25,Available
Ice Cream & Desserts,Quaker Oats Pouch,27600,10,6,24800,1500,0,1,2800,16.53333333,Available
Ice Cream & Desserts,Prasuma Momos -  Cheesy Spicy Veg,29500,0,6,29500,24,0,24,0,1229.166667,Available
Ice Cream & Desserts,Veeba Sriracha Chilli Garlic Sauce,14900,8,5,13700,320,0,320,1200,42.8125,Available
Ice Cream & Desserts,Moi Soi Kung Pao Sauce - For Stir Fry Marinade Spread & Dip,28000,50,5,14000,175,0,175,14000,80,Available
Ice Cream & Desserts,Figaro Plain Green Olive ,17900,0,6,17900,450,0,450,0,39.77777778,Available
Ice Cream & Desserts,Mother's Recipe Gujrati Gorkeri Pickle,14000,10,3,12600,500,0,500,1400,25.2,Available
Ice Cream & Desserts,Kellogg's Muesli 20% Nuts Delight,32000,0,6,32000,500,0,500,0,64,Available
Ice Cream & Desserts,Borges Farfalle Durum Wheat Pasta ,25000,0,5,25000,500,0,500,0,50,Available
Ice Cream & Desserts,Nestle Nan Pro 4 Follow Up Formula Powder For Older Infants ,62000,0,1,62000,400,0,400,0,155,Available
Ice Cream & Desserts,Veeba Truly Tomato Ketchup,9900,20,6,7900,500,0,500,2000,15.8,Available
Ice Cream & Desserts,Ching's Secret Green Chilli Sauce,8500,4,1,8100,680,0,680,400,11.91176471,Available
Ice Cream & Desserts,MTR Roasted Vermicelli ,5500,0,1,5500,400,0,400,0,13.75,Available
Ice Cream & Desserts,Mother's Recipe Punjabi Teekha Mang Pickle,12000,10,4,10800,400,0,400,1200,27,Available
Ice Cream & Desserts,Ching's Secret Hot Garlic Instant Noodles,11400,0,6,11400,480,0,480,0,23.75,Available
Ice Cream & Desserts,Kellogg's Real Honey Corn Flakes,29000,7,5,26700,630,0,630,2300,42.38095238,Available
Ice Cream & Desserts,ITC Master Chef Lebanese Falafel Kebab,13000,4,4,12400,230,0,230,600,53.91304348,Available
Ice Cream & Desserts,Kelloggs Chocos Fills Double Chocolaty,18500,10,5,16500,250,0,250,2000,66,Available
Ice Cream & Desserts,Organic India Apple Cider Vinegar,59500,9,2,53600,500,0,500,5900,107.2,Available
Ice Cream & Desserts,Masala Oats Masala & Coriander ,19500,9,5,17600,500,0,500,1900,35.2,Available
Ice Cream & Desserts,Ching's Secret  Noodles - Pad Thai Lemongras,20000,0,5,20000,130,0,130,0,153.8461538,Available
Ice Cream & Desserts,Bagrrys Fruit and Nut Muesli with Cranberries,49900,0,5,49900,750,0,750,0,66.53333333,Available
Ice Cream & Desserts,Kitchens Of India Yellow Dal Tadka,11000,30,6,7700,285,0,285,3300,27.01754386,Available
Ice Cream & Desserts,Soulfull Vanilla Fills - Ragi Bites,16900,5,6,16000,250,0,250,900,64,Available
Ice Cream & Desserts,Pantai Teriyaki Sauce with Garlic,32500,15,6,27600,200,0,200,4900,138,Available
Ice Cream & Desserts,Whiskas Adult Pocket Tuna Cat Food,41000,0,1,41000,1200,0,1,0,34.16666667,Available
Ice Cream & Desserts,Kitchens Of India Chicken Darbari ,20000,30,4,14000,285,0,285,6000,49.12280702,Available
Ice Cream & Desserts,Soulfull Millet Muesli Fruit & Nut Almonds & Real Fruits,29900,10,6,26900,400,0,400,3000,67.25,Available
Ice Cream & Desserts,Smith & Jones Red Pasta Sauce Mix,4000,0,6,4000,46,0,46,0,86.95652174,Available
Ice Cream & Desserts,Kellogg's Muesli Nuts Delight,42500,9,3,38300,750,0,750,4200,51.06666667,Available
Ice Cream & Desserts,Kitchens of India Dal Bukhara Gravy Mix,11000,30,6,7700,285,0,285,3300,27.01754386,Available
Ice Cream & Desserts,The Whole Truth Peanut Butter - Sweetened & Crunchy,21500,20,6,17200,325,0,325,4300,52.92307692,Available
Ice Cream & Desserts,Remia Mayonnaise,23000,0,6,23000,241,0,241,0,95.43568465,Available
Ice Cream & Desserts,Bagrrys Fruit N Fibre Muesli - Strawberry,59500,0,1,59500,1000,0,1,0,59.5,Available
Ice Cream & Desserts,Ching's Secret Tomato Oats Instant Soup,1500,0,3,1500,20,0,20,0,75,Available
Ice Cream & Desserts,Kellogg's Special K Original Corn Flakes,14000,5,1,13300,290,0,290,700,45.86206897,Available
Ice Cream & Desserts,Moi Soi  Black Bean Sauce - Dip Spread Stir Fry & Marinade,28000,50,5,14000,175,0,175,14000,80,Available
Ice Cream & Desserts,Tong Garden Wasabi Green Peas,17500,4,6,16700,150,0,150,800,111.3333333,Available
Ice Cream & Desserts,Ching's Secret Red Chilli Sauce,10500,0,4,10500,440,0,440,0,23.86363636,Available
Ice Cream & Desserts,Ching's Instant Hot and Sour Soup,5500,0,5,5500,55,0,55,0,100,Available
Ice Cream & Desserts,Ching's Secret Noodles - Pad Thai Original,20000,0,6,20000,130,0,130,0,153.8461538,Available
Ice Cream & Desserts,Aashirvaad Instant Meals - Khatta Meetha Pohaa With Millets,5500,30,5,3800,80,0,80,1700,47.5,Available
Ice Cream & Desserts,Del Monte Black Sliced Olives,25000,0,1,25000,450,0,450,0,55.55555556,Available
Ice Cream & Desserts,Kitchens Of India Murgh Methi,22000,30,5,15400,285,0,285,6600,54.03508772,Available
Ice Cream & Desserts,Nestle Cerelac 5 Grains & Fruits Cereal,28800,0,6,28800,300,0,300,0,96,Available
Ice Cream & Desserts,The Whole Truth - 5 Grain Muesli No Added Sugar,32500,20,6,26000,350,0,350,6500,74.28571429,Available
Ice Cream & Desserts,Ching's Secret  Pad Thai Noodles Green Curry,20000,0,6,20000,130,0,130,0,153.8461538,Available
Ice Cream & Desserts,Aashirvaad Suji Halwa With Jaggery,7500,0,6,7500,70,0,70,0,107.1428571,Available
Ice Cream & Desserts,Mother's Recipe Mango Pickle ,12000,0,1,12000,400,0,400,0,30,Available
Ice Cream & Desserts,Ching's Secret Pad Thai Noodles - Extra Hot Thai Chilli,20000,0,6,20000,130,0,130,0,153.8461538,Available
Ice Cream & Desserts,Knorr Sweet Corn Chicken Soup,5500,0,2,5500,42,0,42,0,130.952381,Available
Ice Cream & Desserts,Ching's Secret Tomato Soup,5500,0,6,5500,55,0,55,0,100,Available
Ice Cream & Desserts,Funfoods Peanut Butter Creamy,16900,0,1,16900,400,0,400,0,42.25,Available
Ice Cream & Desserts,Japanese Choice Udon Noodles,29500,9,6,26600,250,0,250,2900,106.4,Available
Ice Cream & Desserts,Kelloggs Muesli - With 22% Fruit Magic,32000,10,5,28800,500,0,500,3200,57.6,Available
Ice Cream & Desserts,Dabur Hommade - Kalonji Tamatar Ki Chutney,6500,6,6,6100,200,0,200,400,30.5,Available
Ice Cream & Desserts,Kitchens Of India Dal Makhani,11000,30,1,7700,285,0,285,3300,27.01754386,Available
Ice Cream & Desserts,Del Monte Green Chili Sauce,5500,0,3,5500,190,0,190,0,28.94736842,Available
Ice Cream & Desserts,Pedigree Dog Food Adult Chicken & Veg,66000,10,1,59400,3000,0,3,6600,19.8,Available
Ice Cream & Desserts,Kitchens Of India Rajma Masala,11000,30,5,7700,285,0,285,3300,27.01754386,Available
Ice Cream & Desserts,Kitchen Of India Ready-To-Eat Pindi Channa,11000,30,2,7700,285,0,285,3300,27.01754386,Available
Ice Cream & Desserts,Figaro Pitted Black Olive ,17900,0,6,17900,450,0,450,0,39.77777778,Available
Ice Cream & Desserts,Cantina Tabasco Red Sauce,14000,15,6,11900,60,0,60,2100,198.3333333,Available
Ice Cream & Desserts,Mother's Recipe Pickle - Mixed,14900,26,6,10900,500,0,500,4000,21.8,Available
Ice Cream & Desserts,Nestle Cerelac Baby Cereal with Milk 5 Grains & Vegetables from 18 to 24 Month,27900,0,5,27900,300,0,300,0,93,Available
Ice Cream & Desserts,Pedigree Meat Jerky Adult Dog Treat Barbecued Chicken,14000,20,6,11200,80,0,80,2800,140,Available
Ice Cream & Desserts,Veeba Peri Peri Sauce,16100,0,6,16100,300,0,300,0,53.66666667,Available
Ice Cream & Desserts,Pantai Sriracha Yellow Chilli Sauce,22500,15,6,19100,200,0,200,3400,95.5,Available
Ice Cream & Desserts,Praakritik Organic Jumbo Rolled Oats,19000,11,6,16900,500,0,500,2100,33.8,Available
Ice Cream & Desserts,Ching's Secret Just Soak - Whole Wheat Veg Hakka Noodles,12300,0,6,12300,600,0,600,0,20.5,Available
Ice Cream & Desserts,Pantai Spring Roll Sauce,27500,10,6,24500,200,0,200,3000,122.5,Available
Ice Cream & Desserts,MTR Vermicelli Payasam,7500,0,6,7500,180,0,180,0,41.66666667,Available
Ice Cream & Desserts,Bagrrys Corn Flakes,35000,0,6,35000,880,0,800,0,39.77272727,Available
Ice Cream & Desserts,MTR Ready To Eat Palak Paneer ,13500,11,6,12000,300,0,300,1500,40,Available
Ice Cream & Desserts,Del Monte Red Chili Sauce,5500,0,5,5500,190,0,190,0,28.94736842,Available
Ice Cream & Desserts,Kitchens of India Mutter Paneer Mix,12000,30,4,8400,285,0,285,3600,29.47368421,Available
Ice Cream & Desserts,The Laughing Cow Cheese Spread Plain,11000,0,6,11000,180,0,180,0,61.11111111,Available
Ice Cream & Desserts,MTR Dal Fry,11000,0,5,11000,300,0,300,0,36.66666667,Available
Ice Cream & Desserts,Pantai Fish Sauce,27500,14,6,23400,200,0,200,4100,117,Available
Ice Cream & Desserts,Cantina Beans Mexican Beans,25000,14,6,21300,410,0,410,3700,51.95121951,Available
Ice Cream & Desserts,Ching's Secret Manchurian Instant Noodle,11400,0,6,11400,480,0,480,0,23.75,Available
Ice Cream & Desserts,Remia Salad Italian Dressing ,23000,0,6,23000,250,0,250,0,92,Available
Ice Cream & Desserts,Yummiez Veg Cheese Fingers Pouch,23000,0,4,23000,400,0,400,0,57.5,Available
Ice Cream & Desserts,MTR Dal Makhani,11000,0,4,11000,300,0,300,0,36.66666667,Available
Ice Cream & Desserts,MTR Ready to Eat Pav Bhaji,11000,0,6,11000,300,0,300,0,36.66666667,Available
Ice Cream & Desserts,Weikfield Tomato Salsa Instant Pasta,2500,0,1,2500,77,0,77,0,32.46753247,Available
Ice Cream & Desserts,NestlÃ© CERELAC Baby Cereal with Milk,27200,0,1,27200,300,0,300,0,90.66666667,Available
Ice Cream & Desserts,Remia Salad Caesar Dressing,25000,0,6,25000,250,0,250,0,100,Available
Ice Cream & Desserts,Bagrrys Fruit N Fibre Muesli Mixed Fruit,33000,0,6,33000,500,0,500,0,66,Available
Ice Cream & Desserts,MTR Paneer Butter Masala & Veg Pulao,17500,9,4,15800,375,0,375,1700,42.13333333,Available
Ice Cream & Desserts,Sundrop Cocoa Nut Hazelnut Chocolatey Spread,12000,0,6,12000,160,0,160,0,75,Available
Ice Cream & Desserts,Moi Soi Manchurian Sauce - For Stir Fry Marinade Spread & Dip,28000,50,6,14000,175,0,175,14000,80,Available
Ice Cream & Desserts,Pedigree Dog Food Adult Meat & Rice,66000,7,2,60800,3000,0,3,5200,20.26666667,Available
Ice Cream & Desserts,Pantai Sriracha Green Chilli Sauce,22500,15,6,19100,200,0,200,3400,95.5,Available
Ice Cream & Desserts,Pantai Chilli Garlic Sauce,27500,14,6,23400,200,0,200,4100,117,Available
Ice Cream & Desserts,Pantai Dark Soy Sauce,27500,14,6,23400,200,0,200,4100,117,Available
Ice Cream & Desserts,Yoga Bar Peanut Butter Dark Chocolate Jar,24900,0,4,24900,400,0,400,0,62.25,Available
Ice Cream & Desserts,Cantina Tabasco Green Sauce,14000,15,6,11900,60,0,60,2100,198.3333333,Available
Ice Cream & Desserts,Pantai Pad Thai Sauce (Non-Veg),32500,9,5,29300,200,0,200,3200,146.5,Available
Ice Cream & Desserts,Pantai Sweet Chilli Sauce,27500,14,6,23400,200,0,200,4100,117,Available
Ice Cream & Desserts,Ching's Secret Schezwan Instant Noodle,11400,0,6,11400,480,0,480,0,23.75,Available
Ice Cream & Desserts,Yummiez Chicken Garlic Fingers Pouch,25000,0,5,25000,400,0,400,0,62.5,Available
Ice Cream & Desserts,Pediasure Premium Chocolate Powdered Health Drink,61000,0,2,61000,400,0,400,0,152.5,Available
Ice Cream & Desserts,Chings Secret Hot Garlic Instant Noodles,9100,0,6,9100,60,0,60,0,151.6666667,Available
Ice Cream & Desserts,Godrej Yummiez Cheese Corn Nuggets ,23000,0,4,23000,400,0,400,0,57.5,Available
Ice Cream & Desserts,Pantai Hot Chilli Sauce,27500,14,6,23400,200,0,200,4100,117,Available
Ice Cream & Desserts,Knorr International Mexican Tomato Corn Soup ,6500,6,3,6100,52,0,52,400,117.3076923,Available
Ice Cream & Desserts,Bagrry's Fruit Fibre Muesli Mixed Fruit ,59500,0,5,59500,1000,0,1,0,59.5,Available
Ice Cream & Desserts,Maggi 2-Minute Instant Noodles - Masala,4400,0,0,4400,280,1,280,0,15.71428571,out of stock
Ice Cream & Desserts,"Kurkure Green Chutney, Rajasthani Style",2000,0,0,2000,90,1,90,0,22.22222222,out of stock
Ice Cream & Desserts,Kellogg's Chocos Combo Pack,6000,6,0,5600,156,1,156,400,35.8974359,out of stock
Ice Cream & Desserts,Kissan Mixed Fruit Jam ,15500,0,0,15500,500,1,500,0,31,out of stock
Ice Cream & Desserts,Lijjat Urad Papad,6000,5,0,5700,200,1,200,300,28.5,out of stock
Ice Cream & Desserts,Amul Cheese Spread Yummy Plain,8500,0,0,8500,200,1,200,0,42.5,out of stock
Ice Cream & Desserts,Mother's Recipe Ginger And Garlic Paste,5000,24,0,3800,200,1,200,1200,19,out of stock
Ice Cream & Desserts,Maggi Magic Cubes Chicken,4000,2,0,3900,40,1,40,100,97.5,out of stock
Ice Cream & Desserts,Pedigree Puppy Chicken Chunks in Gravy ,3500,2,0,3400,70,1,70,100,48.57142857,out of stock
Ice Cream & Desserts,The Whole Truth Peanut Butter - Unsweetened & Crunchy,18500,20,0,14800,325,1,325,3700,45.53846154,out of stock
Ice Cream & Desserts,Ching's Chow Mein Hakka Noodles Masala,1000,0,0,1000,20,1,20,0,50,out of stock
Ice Cream & Desserts,Safal Frozen Mixed Vegetables,6000,5,0,5700,500,1,500,300,11.4,out of stock
Ice Cream & Desserts,Safal Frozen Corn,4100,4,0,3900,200,1,200,200,19.5,out of stock
Ice Cream & Desserts,Amul Cheese Spread Spicy Garlic,8500,3,0,8200,200,1,200,300,41,out of stock
Ice Cream & Desserts,Ching's Secret Veg Hakka Noodles,10700,0,0,10700,600,1,600,0,17.83333333,out of stock
Ice Cream & Desserts,Saffola Oats 100 % Natural,1500,0,0,1500,38,1,38,0,39.47368421,out of stock
Ice Cream & Desserts,Lijjat Moong Papad,6000,5,0,5700,200,1,200,300,28.5,out of stock
Ice Cream & Desserts,Mothers Recipe Papad - Sabudana With Rock Salt,3100,9,0,2800,70,1,70,300,40,out of stock
Ice Cream & Desserts,Maggi Chilly Chow Cuppa Noodles,5000,0,0,5000,70,1,70,0,71.42857143,out of stock
Ice Cream & Desserts,Veeba Favourites Eggless Burger Mayonnaise,6900,8,0,6300,250,1,250,600,25.2,out of stock
Ice Cream & Desserts,Sunfeast Yippee! Magic Masala Noodles,4800,6,0,4500,240,1,240,300,18.75,out of stock
Ice Cream & Desserts,Top Ramen Masala,9100,9,0,8200,560,1,560,900,14.64285714,out of stock
Ice Cream & Desserts,Kelloggs Corn Flakes With Real Strawberry Pure,26500,10,0,23600,575,1,575,2900,41.04347826,out of stock
Ice Cream & Desserts,Mother's Recipe Potato Papad,3100,9,0,2800,70,1,75,300,40,out of stock
Ice Cream & Desserts,Mothers Recipe Rice Papad Ajwain,2400,0,0,2400,75,1,75,0,32,out of stock
Ice Cream & Desserts,Chef's Basket Durum Wheat Penne Pasta,16000,50,0,8000,500,1,500,8000,16,out of stock
Ice Cream & Desserts,Dabur Hommade - Imli Sauce Saunth,2000,10,0,1800,100,1,100,200,18,out of stock
Ice Cream & Desserts,Zorabian Chicken Kheema Parathas,19000,0,0,19000,300,1,300,0,63.33333333,out of stock
Ice Cream & Desserts,Sunfeast Pasta Treat Pack of Tomato Cheese,2800,17,0,2300,65,1,65,500,35.38461538,out of stock
Ice Cream & Desserts,Safal Frozen - Sweet Corn,16000,5,0,15200,1000,1,1,800,15.2,out of stock
Ice Cream & Desserts,MTR Vegetable Upma,2500,0,0,2500,60,1,60,0,41.66666667,out of stock
Ice Cream & Desserts,Del Monte Original Blend Tomato Ketchup Pouch,12000,7,0,11100,950,1,950,900,11.68421053,out of stock
Ice Cream & Desserts,Del Monte Natural Vinegar ,5500,3,0,5300,180,1,180,200,29.44444444,out of stock
Ice Cream & Desserts,Del Monte Eggless Mayo,13500,6,0,12600,500,1,500,900,25.2,out of stock
Ice Cream & Desserts,ITC Master Chef Cheesy Corn Triangles,16000,5,0,15200,320,1,320,800,47.5,out of stock
Ice Cream & Desserts,Mother's Recipe Mixed Pickle ,11500,4,0,11000,400,1,400,500,27.5,out of stock
Ice Cream & Desserts,Godrej Yummiez Chicken Breakfast Salami,15000,4,0,14300,250,1,250,700,57.2,out of stock
Ice Cream & Desserts,Hershey's Cocoa + Almond Spread,29500,9,0,26600,350,1,350,2900,76,out of stock
Ice Cream & Desserts,Maggi Special Masala Spicy Yummy Noodles,7200,0,0,7200,280,1,280,0,25.71428571,out of stock
Ice Cream & Desserts,Del Monte Schezwan Sauce,5500,0,0,5500,190,1,190,0,28.94736842,out of stock
Ice Cream & Desserts,Yummiez Green Peas,13500,0,0,13500,500,1,500,0,27,out of stock
Ice Cream & Desserts,Yummiez American Sweet Corn,8500,0,0,8500,400,1,400,0,21.25,out of stock
Ice Cream & Desserts,Dr Oetker Cucumber & Carrot Sandwich Spread Veg,7900,0,0,7900,250,1,250,0,31.6,out of stock
Ice Cream & Desserts,Del Monte Pitted Green Olives,25000,0,0,25000,450,1,450,0,55.55555556,out of stock
Chocolates & Candies,Maggi 2 Minute Masala Noodles,1200,0,6,1200,70,0,70,0,17.14285714,Available
Chocolates & Candies,iD Idli & Dosa Batter ,8000,15,6,6800,1000,0,1,1200,6.8,Available
Chocolates & Candies,iD Malabar Parota ,8000,10,4,7200,400,0,400,800,18,Available
Chocolates & Candies,iD Wheat Lachha Paratha,8000,12,6,7000,400,0,400,1000,17.5,Available
Chocolates & Candies,McCain Aloo Tikki,11000,4,6,10500,400,0,400,500,26.25,Available
Chocolates & Candies,McCain Smiles Cripsy Happy Potatoes,12000,5,6,11400,415,0,415,600,27.46987952,Available
Chocolates & Candies,McCain Veggie Burger Patty,11500,3,6,11100,360,0,360,400,30.83333333,Available
Chocolates & Candies,McCain Veggie Fingers,11700,5,6,11100,400,0,400,600,27.75,Available
Chocolates & Candies,Amul Delicious Fat Spread - Cholesterol Free,1800,5,6,1700,100,0,100,100,17,Available
Chocolates & Candies,Whiskas WetÂ  Meal (Adult - Cat Food)Â  Chicken in Gravy,3500,2,2,3400,85,0,85,100,40,Available
Chocolates & Candies,McCain Chilli Garlic Potato Bites Crunchy Potato Nuggets,12500,5,1,11800,420,0,420,700,28.0952381,Available
Chocolates & Candies,Ching's Secret Instant Hot Garlic Noodles,1500,0,3,1500,60,0,60,0,25,Available
Chocolates & Candies,Veeba Eggless Mayonnaise,7900,11,5,7000,250,0,250,900,28,Available
Chocolates & Candies,Ching's Secret Instant Schezwan Noodles,1500,0,6,1500,60,0,60,0,25,Available
Chocolates & Candies,Veeba Pasta And Pizza Sauce,7500,13,5,6500,280,0,280,1000,23.21428571,Available
Chocolates & Candies,Top Ramen  Noodles Curry Veg Pouch,2000,0,1,2000,70,0,70,0,28.57142857,Available
Chocolates & Candies,Saffola Veggie Twist Masala Oats,1500,0,6,1500,38,0,38,0,39.47368421,Available
Chocolates & Candies,Unibic Almond & Oats Protein Bar,4000,17,4,3300,30,0,30,700,110,Available
Chocolates & Candies,Quaker Oats,7900,0,2,7900,400,0,400,0,19.75,Available
Chocolates & Candies,McCain French Fries,12000,5,1,11400,420,0,420,600,27.14285714,Available
Chocolates & Candies,Ching's Secret Manchow Instant Soup,1000,0,1,1000,15,0,15,0,66.66666667,Available
Chocolates & Candies,McCain Potato Cheese Shotz,13000,4,6,12400,250,0,250,600,49.6,Available
Chocolates & Candies,McCain Masala - Fries,12000,5,3,11400,375,0,375,600,30.4,Available
Chocolates & Candies,Ching's Secret Schezwan Fried Rice Masala,1500,0,6,1500,20,0,20,0,75,Available
Chocolates & Candies,McCain New Mini Samosa with Cheese Pizza Style Filling,12000,1,3,11800,240,0,240,200,49.16666667,Available
Chocolates & Candies,McCain Chilli Cheesy Nuggets,13000,4,1,12400,250,0,250,600,49.6,Available
Chocolates & Candies,"Whiskas Adult (+1 Year) Dry Cat Food, Ocean Fish Flavour",43000,10,6,38700,1200,0,1,4300,32.25,Available
Chocolates & Candies,Chings Instant Soup - Hot & Sour,1000,0,1,1000,15,0,15,0,66.66666667,Available
Chocolates & Candies,Amul Spray Infant Milk Food,19700,2,6,19300,500,0,500,400,38.6,Available
Chocolates & Candies,McCain Smiles - Pudina Chatka,12000,5,3,11400,375,0,375,600,30.4,Available
Chocolates & Candies,McCain French Fries Crisp & Delicious,17500,4,3,16700,750,0,750,800,22.26666667,Available
Chocolates & Candies,Ferrero Nutella Hazelnut Spread,22000,5,2,20700,180,0,180,1300,115,Available
Chocolates & Candies,Lijjat Garlic Papad,6000,5,5,5700,200,0,200,300,28.5,Available
Chocolates & Candies,Switz Samosa Dough Sheets,9000,4,6,8600,50,0,50,400,172,Available
Chocolates & Candies,Amul Cheese Spread Creamy,8500,5,6,8000,180,0,180,500,44.44444444,Available
Chocolates & Candies,Maggi Imli Sauce Pichkoo,2200,0,6,2200,90,0,90,0,24.44444444,Available
Chocolates & Candies,Whiskas Kitten (2-12 months) Dry Cat Food Food Ocean Fish,38500,9,5,34700,1100,0,1100,3800,31.54545455,Available
Chocolates & Candies,Chings Instant Soup - Sweet Corn Veg,1000,0,2,1000,15,0,15,0,66.66666667,Available
Chocolates & Candies,Whiskas WetÂ  Meal (Kitten - Cat Food)Â  Chicken in Gravy,3500,5,2,3300,85,0,85,200,38.82352941,Available
Chocolates & Candies,McCain Crazy Fries Masala MixHot 'n' Tangy,12000,5,6,11400,400,0,400,600,28.5,Available
Chocolates & Candies,The Whole Truth Double Cocoa Protein Bar No Sugar,10000,10,6,9000,52,0,52,1000,173.0769231,Available
Chocolates & Candies,Amul Happy Treats French Fries,6800,4,1,6500,425,0,425,300,15.29411765,Available
Chocolates & Candies,Ferrero Nutella Hazeulnut Spread,38000,6,5,35700,350,0,350,2300,102,Available
Chocolates & Candies,Veeba Chipolte Southwest Dressing,16100,7,4,14900,300,0,300,1200,49.66666667,Available
Chocolates & Candies,Ching's Secret Manchow Noodles Instant Soup,1500,0,6,1500,20,0,20,0,75,Available
Chocolates & Candies,Yoga Bar Breakfast Protein Bar - Blueberry Pie,5000,12,1,4400,50,0,50,600,88,Available
Chocolates & Candies,The Whole Truth Mini Protein Bar - Coconut Cocoa No Added Sugar,5500,25,6,4100,27,0,27,1400,151.8518519,Available
Chocolates & Candies,Switz Spring Roll Dough Sheets,9000,4,6,8600,1160,0,20,400,7.413793103,Available
Chocolates & Candies,Unibic Fruit & Nut Real Cranberries & Almonds Protein Bar,4000,17,6,3300,30,0,30,700,110,Available
Chocolates & Candies,Ching's Secret Tomato Instant Soup,1000,0,1,1000,16,0,15,0,62.5,Available
Chocolates & Candies,Chef's Basket Durum Wheat Elbow Pasta,16000,50,6,8000,500,0,500,8000,16,Available
Chocolates & Candies,Sunfeast Yippee! Mood Masala Noodles,6000,28,3,4300,260,0,260,1700,16.53846154,Available
Chocolates & Candies,MTR Breakfast Khatta Meetha Poha Mix,2500,20,6,2000,60,0,60,500,33.33333333,Available
Chocolates & Candies,Kellogg's Crunchy Fruit & Nut Breakfast Cereals Muesli,44500,9,6,40100,750,0,750,4400,53.46666667,Available
Chocolates & Candies,Ching's Secret Chilli Vinegar,5000,0,4,5000,170,0,170,0,29.41176471,Available
Chocolates & Candies,Ching's Red Chilli Sauce,5500,0,6,5500,200,0,200,0,27.5,Available
Chocolates & Candies,Amul Lite Spread,4000,2,5,3900,100,0,100,100,39,Available
Chocolates & Candies,Borges Durum Wheat Fusilli Pasta ,25000,0,3,25000,500,0,500,0,50,Available
Chocolates & Candies,The Whole Truth Cranberry Mini Protein Bar No Sugar,5500,20,6,4400,27,0,27,1100,162.962963,Available
Chocolates & Candies,The Whole Truth Mini Protein Bar - Coffee Cocoa No Added Sugar,5500,20,6,4400,27,0,27,1100,162.962963,Available
Chocolates & Candies,Maggi Hot & Sweet Tomato Chilli Sauce,11500,0,1,11500,500,0,500,0,23,Available
Chocolates & Candies,Sunfeast YiPPee! Noodles - Magic Masala,9600,5,4,9100,540,0,540,500,16.85185185,Available
Chocolates & Candies,Chef's Basket Durum Wheat Fusilli Pasta,16000,50,6,8000,500,0,500,8000,16,Available
Chocolates & Candies,Top Ramen Chicken Noodles,6000,10,1,5400,280,0,280,600,19.28571429,Available
Chocolates & Candies,Veeba Cheese and Chilli Sandwich Spread,8900,11,6,7900,275,0,275,1000,28.72727273,Available
Chocolates & Candies,Chingâ€™s Secret Chowmein Hakka Noodles Masala ,4400,0,2,4400,60,0,60,0,73.33333333,Available
Chocolates & Candies,Safal Frozen - Mixed Vegetables,11000,4,2,10500,1000,0,1,500,10.5,Available
Chocolates & Candies,MTR 3 Min Poha,2500,0,6,2500,60,0,60,0,41.66666667,Available
Chocolates & Candies,Ching's Manchurian Instant Noodles,1500,0,5,1500,60,0,60,0,25,Available
Chocolates & Candies,The Whole Truth Peanut Cocoa Mini Protein Bar No Sugar ,5500,25,6,4100,27,0,27,1400,151.8518519,Available
Chocolates & Candies,Gits Pav Bhaji Ready to Eat,11000,22,6,8500,300,0,300,2500,28.33333333,Available
Chocolates & Candies,McCain New Mini Samosa with Cheese Corn Style Filling,12000,1,2,11800,240,0,240,200,49.16666667,Available
Chocolates & Candies,Lijjat Udad Mini Papad,6000,6,6,5600,200,0,200,400,28,Available
Chocolates & Candies,McCain Herb & Garlic Crazy Fries Masala Mix ,12000,5,5,11400,400,0,400,600,28.5,Available
Chocolates & Candies,Yoga Bar Multigrain Energy Bar Nuts And Seeds,4000,12,4,3500,38,0,38,500,92.10526316,Available
Chocolates & Candies,"Ching's Secret Sauce, Green Chilli",5500,0,5,5500,190,0,190,0,28.94736842,Available
Chocolates & Candies,Veeba Pizza Topping,7500,6,4,7000,280,0,280,500,25,Available
Chocolates & Candies,Switz Paratha Puff,11000,4,6,10500,400,0,400,500,26.25,Available
Chocolates & Candies,"New Kellogg's Muesli with 21% Fruit, Nut & Seeds",32500,6,6,30500,500,0,500,2000,61,Available
Chocolates & Candies,The Whole Truth Double Cocoa Mini Protein Bar No Sugar,5500,20,5,4400,27,0,27,1100,162.962963,Available
Chocolates & Candies,Sunfeast Yippee Tricolor Pasta Seasoning,2800,17,1,2300,65,0,65,500,35.38461538,Available
Chocolates & Candies,Wingreens Cheesy Chipotle Sauce,9900,49,1,5000,130,0,130,4900,38.46153846,Available
Chocolates & Candies,Maggi Rich Tomato Ketchup,10500,4,2,10000,500,0,500,500,20,Available
Chocolates & Candies,The Whole Truth Dark Chocolate Peanut Butter - Creamy,23500,25,6,17400,325,0,325,6100,53.53846154,Available
Chocolates & Candies,Godrej Yummiez Chicken Nuggets,32500,9,1,29300,500,0,500,3200,58.6,Available
Chocolates & Candies,Go Cheese  Spread Plain,9900,5,6,9400,200,0,200,500,47,Available
Chocolates & Candies,Kellogg's Real Almond & Honey Corn Flakes,17500,9,6,15800,300,0,300,1700,52.66666667,Available
Chocolates & Candies,The Whole Truth Vegan Almond Choco Fudge Energy Bar No Sugar,6000,20,6,4800,40,0,40,1200,120,Available
Chocolates & Candies,Prasuma Vegetable Momos,27000,0,5,27000,24,0,24,0,1125,Available
Chocolates & Candies,MTR Upma,5000,10,6,4500,160,0,160,500,28.125,Available
Chocolates & Candies,Ching's Schezwan Masala Instant Noodles,6000,0,1,6000,240,0,240,0,25,Available
Chocolates & Candies,The Whole Truth Cranberry Protein Bar No Sugar,10000,26,6,7400,52,0,52,2600,142.3076923,Available
Chocolates & Candies,Saffola Yummy Masala Noodles ,2000,0,2,2000,46,0,46,0,43.47826087,Available
Chocolates & Candies,Veeba English Mustard,7400,6,2,6900,300,0,300,500,23,Available
Chocolates & Candies,Dabur Hommade Tamarind Paste,4800,6,6,4500,200,0,200,300,22.5,Available
Chocolates & Candies,Yoga Bar Breakfast Muesli - Almond Caramel (No Added Sugar),32500,4,6,30900,400,0,400,1600,77.25,Available
Chocolates & Candies,The Whole Truth Mini Protein Bar - Peanut Butter No Added Sugar,5500,25,6,4100,27,0,27,1400,151.8518519,Available
Chocolates & Candies,ITC Master Chef Crispy Chicken Fries ,17000,4,3,16200,280,0,280,800,57.85714286,Available
Chocolates & Candies,Kelloggs Corn Flakes,9900,13,6,8600,250,0,250,1300,34.4,Available
Chocolates & Candies,Nissin Cup Noodles Tangy Tomato,5000,10,2,4500,70,0,70,500,64.28571429,Available
Chocolates & Candies,Smith & Jones White Pasta Sauce Mix,4000,0,3,4000,46,0,46,0,86.95652174,Available
Chocolates & Candies,Sunfeast Yippee! Pasta Treat - Sour Cream Onion,2800,10,1,2500,65,0,65,300,38.46153846,Available
Chocolates & Candies,Mothers Recipe Tamrind Date Chutney ,5500,9,2,5000,200,0,200,500,25,Available
Chocolates & Candies,Veeba Mint Mayonnaise,16900,8,4,15500,300,0,300,1400,51.66666667,Available
Chocolates & Candies,Mccain Emotibites - Crispy Happy Potato Snack,13000,0,6,12900,415,0,415,100,31.08433735,Available
Chocolates & Candies,The Whole Truth Energy Bar Choco Cranberry Fudge,6000,26,6,4400,40,0,40,1600,110,Available
Chocolates & Candies,Godrej Yummiez Chicken Lucknowi Seekh Kebab,26000,10,4,23400,400,0,400,2600,58.5,Available
Chocolates & Candies,Mother's Recipe Mixed Pickle,8500,9,2,7700,300,0,300,800,25.66666667,Available
Chocolates & Candies,The Whole Truth Peanut Cocoa Protein Bar No Sugar,10000,26,6,7400,52,0,52,2600,142.3076923,Available
Chocolates & Candies,Yoga Bar Breakfast Muesli - Chocolate & Cranberry ,32500,4,6,30900,400,0,400,1600,77.25,Available
Chocolates & Candies,Sunfeast YiPPee! Magic Masala Noodles,7000,10,3,6300,405,0,405,700,15.55555556,Available
Chocolates & Candies,Veeba Sweet Onion Sauce,14100,14,4,12100,350,0,350,2000,34.57142857,Available
Chocolates & Candies,Quaker Oats Breakfast Cereals - With Flavour Mix Nutritious Rich Source Of Energy,4900,8,6,4500,200,0,200,400,22.5,Available
Chocolates & Candies,Mother's Recipe Tamarind Paste,5000,2,6,4900,200,0,200,100,24.5,Available
Chocolates & Candies,Yogabar No Added Sugar Protein Bar Brownie,12500,15,4,10600,60,0,60,1900,176.6666667,Available
Chocolates & Candies,Bambino Popular Vermicelli ,4000,2,3,3900,400,0,400,100,9.75,Available
Chocolates & Candies,Ching's Secret Mix Veg Instant Soup,1000,0,3,1000,15,0,15,0,66.66666667,Available
Chocolates & Candies,Mother's Recipe Pickle - Red Stuffed Chilli,14500,11,3,12900,400,0,400,1600,32.25,Available
Chocolates & Candies,Kellogg's No Added Sugar Muesli,33500,11,6,29800,500,0,500,3700,59.6,Available
Chocolates & Candies,Veeba Salsa Dip,11900,6,6,11100,360,0,360,800,30.83333333,Available
Chocolates & Candies,Veeba Thousand Island Dressing,14900,8,6,13700,300,0,300,1200,45.66666667,Available
Chocolates & Candies,Baggry's Crunchy Muesli Almond Raisins & Honey,13000,0,5,13000,200,0,200,0,65,Available
Chocolates & Candies,Knorr Chinese Hot And Sour Veg Soup,5500,3,1,5300,43,0,43,200,123.255814,Available
Chocolates & Candies,Go Cheese Spread - Garlic,9900,5,6,9400,200,0,200,500,47,Available
Chocolates & Candies,The Whole Truth Peanut Butter With Dates - Creamy No Sugar,21500,9,6,19400,325,0,325,2100,59.69230769,Available
Chocolates & Candies,Zorabian Chicken Smoked Ham,20500,5,1,19400,250,0,250,1100,77.6,Available
Chocolates & Candies,Kissan Pineapple Jam,16500,9,1,14900,500,0,500,1600,29.8,Available
Chocolates & Candies,Smith & Jones Masala Noodles,8900,0,5,8900,480,0,480,0,18.54166667,Available
Chocolates & Candies,Nestle Nestle Nan Pro Follow-Up Formula,65000,0,6,65000,400,0,400,0,162.5,Available
Chocolates & Candies,Sunfeast Yippee! Power Up Atta Noodles,9600,15,6,8100,280,0,280,1500,28.92857143,Available
Chocolates & Candies,McCain Super Wedges,12000,7,6,11100,400,0,400,900,27.75,Available
Chocolates & Candies,"Kellogg's Crunchy Granola Honey, Almonds, Strawberries & Pumpkin Seeds",33000,10,1,29400,450,0,450,3600,65.33333333,Available
Chocolates & Candies,Kellogg's Chocos,13000,10,6,11700,250,0,250,1300,46.8,Available
Chocolates & Candies,Ching's Secret Just Soak - Whole Wheat Veg Hakka Noodle,3200,0,3,3200,150,0,150,0,21.33333333,Available
Chocolates & Candies,The Whole Truth Vegan Fig Apricot & Orange Energy Bar No Sugar,6000,20,6,4800,40,0,40,1200,120,Available
Chocolates & Candies,ITC Master Chef Classic Aloo Tikki,8000,10,3,7200,320,0,320,800,22.5,Available
Chocolates & Candies,Smith & Jones Pink Pasta Sauce Mix,4000,0,4,4000,46,0,46,0,86.95652174,Available
Chocolates & Candies,Wingreens Farms Chipotle Dip,20000,25,1,15000,180,0,180,5000,83.33333333,Available
Chocolates & Candies,Kellogg's Crunchy Granola Chocolate & Almonds,33000,10,3,29400,450,0,450,3600,65.33333333,Available
Chocolates & Candies,Cornitos Cornitos Taco Shells - 6 Inches,16000,20,4,12800,180,0,180,3200,71.11111111,Available
Chocolates & Candies,Ching's Secret Singapore Curry Instant Noodles,1500,0,3,1500,60,0,60,0,25,Available
Chocolates & Candies,Mother's Recipe Pickle - Mango,12500,9,6,11300,400,0,500,1200,28.25,Available
Chocolates & Candies,Godrej Yummiez Chilli Chicken Sausages ,16000,10,3,14400,250,0,250,1600,57.6,Available
Chocolates & Candies,Pedigree Dentastix  Dog Treat Oral Care for Adult Medium Breed ,17500,20,6,14000,180,0,180,3500,77.77777778,Available
Chocolates & Candies,Maggi Hot & Sweet - Tomato Chilli Sauce,17000,10,1,15300,1000,0,1,1700,15.3,Available
Chocolates & Candies,Ching's Secret Asian Hot Instant Soup,1500,0,3,1500,15,0,15,0,100,Available
Chocolates & Candies,Kelloggâ€™s Chocos Protein And Fibre Of 1 Roti,49900,11,6,44400,1200,0,1,5500,37,Available
Chocolates & Candies,Chings Secret Manchurian Instant Noodle,6000,0,6,6000,240,0,240,0,25,Available
Chocolates & Candies,Kellogg's Original Corn Flakes,31000,6,6,29000,875,0,875,2000,33.14285714,Available
Chocolates & Candies,Ching's Singapore Curry Instant Noodles,6000,0,4,6000,240,0,240,0,25,Available
Chocolates & Candies,Kellogg's Almonds And Cranberries Granola,33000,6,6,31000,460,0,460,2000,67.39130435,Available
Chocolates & Candies,Nestle Ceregrow Multigrain Cereal with Milk and Fruits - 3 to 6 years,29200,0,6,29200,300,0,300,0,97.33333333,Available
Chocolates & Candies,MTR 3 Minute Breakfast - Magic Masala Upma,2500,0,6,2500,60,0,60,0,41.66666667,Available
Chocolates & Candies,"Knorr Classic Tomato Soup With 100% Real Vegetabls, No Added Preservatives",5500,0,6,5500,53,0,53,0,103.7735849,Available
Chocolates & Candies,Godrej Yummiez Chicken Punjabi Tikka ,29500,9,6,26600,360,0,360,2900,73.88888889,Available
Chocolates & Candies,Kellogg's Corn Flakes,42500,9,1,38300,1000,0,1,4200,38.3,Available
Chocolates & Candies,Kelloggs Chocos,17000,5,4,16000,385,0,385,1000,41.55844156,Available
Chocolates & Candies,Pedigree Puppy Dry Dog Food Food Chicken & Milk,29000,20,6,23200,1200,0,1200,5800,19.33333333,Available
Chocolates & Candies,Ching's Secret Lemon Coriander Instant Soup,1500,0,5,1500,15,0,15,0,100,Available
Chocolates & Candies,Nestle Cerelac Baby Cereal With Milk Wheat-Rice Mixed Fruit,26100,0,6,26100,300,0,300,0,87,Available
Chocolates & Candies,Kelloggs Chocos - Moons & Stars,66000,40,4,39600,1200,0,1,26400,33,Available
Chocolates & Candies,ITC Master Chef Chicken Galouti Kebab,17000,4,2,16200,210,0,210,800,77.14285714,Available
Chocolates & Candies,Yogabar 100% Pure Peanut Butter Creamy & Yummy Unsweetened,22900,10,6,20600,400,0,400,2300,51.5,Available
Chocolates & Candies,Kitchens Of India Palak Paneer,13000,30,6,9100,285,0,285,3900,31.92982456,Available
Chocolates & Candies,Kelloggs Chocos Fills Double Chocolat,9900,11,6,8800,175,0,175,1100,50.28571429,Available
Chocolates & Candies,Soulfull Ragi Bites Choco Fills,16900,5,4,16000,250,0,250,900,64,Available
Chocolates & Candies,Figaro Sliced Black Olive ,17900,0,6,17900,450,0,450,0,39.77777778,Available
Chocolates & Candies,Veeba Barbeque Sauce,14900,8,6,13700,330,0,330,1200,41.51515152,Available
Chocolates & Candies,The Whole Truth Vegan Mocha Almond Fudge Energy Bar No Sugar,6000,20,6,4800,40,0,40,1200,120,Available
Chocolates & Candies,"The Whole Truth - Nuts, Fruits & Seeds Muesli",32500,20,6,26000,350,0,350,6500,74.28571429,Available
Chocolates & Candies,Pantai Green Curry Paste,15000,14,5,12800,114,0,114,2200,112.2807018,Available
Chocolates & Candies,Kelloggs Special K,21000,8,5,19200,435,0,435,1800,44.13793103,Available
Chocolates & Candies,Moi Soi Sichuan Chilli Oil- For Stir Fry Marinade Spread & Dip,28000,50,5,14000,175,0,175,14000,80,Available
Chocolates & Candies,Mother's Recipe Madras Appalam,5000,10,6,4500,100,0,100,500,45,Available
Chocolates & Candies,Top Ramen Masala Oat Masala,8000,10,6,7200,280,0,280,800,25.71428571,Available
Chocolates & Candies,Saffola Everyday Peppy Tomato Masala Oats,19500,12,6,17100,500,0,500,2400,34.2,Available
Chocolates & Candies,"Ching's Secret Instant Noodles, Hot Garlic",6000,0,4,6000,240,0,240,0,25,Available
Chocolates & Candies,Kitchens Of India Chicken Chettinad,20000,30,1,14000,285,0,285,6000,49.12280702,Available
Chocolates & Candies,Nestle Cerelac Wheat - Stage 1,19000,0,6,19000,300,0,300,0,63.33333333,Available
Chocolates & Candies,Sumeru Aloo Paratha,11900,5,6,11300,400,0,400,600,28.25,Available
Chocolates & Candies,ITC Master Chef Veggie Pizza Pocket,17000,4,4,16200,340,0,340,800,47.64705882,Available
Chocolates & Candies,Wingreens Farms Tangy Cheese Pita Chips & Mexican Salsa Dip,6000,15,1,5100,70,0,70,900,72.85714286,Available
Chocolates & Candies,Ching's Secret Manchow Soup,5500,0,3,5500,55,0,55,0,100,Available
Chocolates & Candies,Veeba Carrot & Cucumber Sandwich Spread,8500,10,6,7600,250,0,250,900,30.4,Available
Chocolates & Candies,Kitchens Of India Mughlai Paneer,16000,30,4,11200,285,0,285,4800,39.29824561,Available
Chocolates & Candies,Ching's Secret Just Soak - Veg Hakka Noodles,3000,0,5,3000,150,0,150,0,20,Available
Chocolates & Candies,Ching's Secret Chowmein Hakka Noodles Masala,6000,10,2,5400,100,0,100,600,54,Available
Chocolates & Candies,The Whole Truth Dark Chocolate Peanut Butter - Crunchy,23500,20,5,18800,325,0,325,4700,57.84615385,Available
Chocolates & Candies,Mother's Recipe Bhel Puri Chutney,5500,9,4,5000,200,0,200,500,25,Available
Chocolates & Candies,Kelloggs Chocos Moon & Stars,33000,10,6,29400,680,0,680,3600,43.23529412,Available
Chocolates & Candies,Mother's Recipe Lime Pickle ,12000,5,1,11400,400,0,400,600,28.5,Available
Chocolates & Candies,Kitchens of India Dal Makhani,11000,30,2,7700,285,0,285,3300,27.01754386,Available
Chocolates & Candies,Pantai Light Soy Sauce,27500,14,5,23400,200,0,200,4100,117,Available
Chocolates & Candies,Ching's Secret Sweet Corn Soup,5500,0,6,5500,55,0,55,0,100,Available
Chocolates & Candies,"Top Ramen Noodles, Atta",8000,0,1,8000,280,0,280,0,28.57142857,Available
Chocolates & Candies,Cantina Tortilla Dip Sauce Sour Creamy Tex Mex,22500,15,5,19100,190,0,190,3400,100.5263158,Available
Chocolates & Candies,Dabur Hommade - Rajasthan Ki Garlic Chutne,6500,6,6,6100,200,0,200,400,30.5,Available
Chocolates & Candies,MTR Seviyan Vermicelli ,4200,0,2,4200,400,0,400,0,10.5,Available
Chocolates & Candies,Pantai Oyster Sauce,27500,14,4,23400,200,0,200,4100,117,Available
Chocolates & Candies,Go Cheese Spread - Four Pepper (Soft & Creamy),9900,5,6,9400,200,0,200,500,47,Available
Chocolates & Candies,MTR Ready To Eat Paneer Butter Masala,13500,9,2,12200,300,0,300,1300,40.66666667,Available
Chocolates & Candies,Nestle Lactogen Stage 2 Follow-up Formula Powder,34000,0,2,34000,400,0,400,0,85,Available
Chocolates & Candies,Kellogg's Crunchy Bites Chocos,19000,10,6,17100,375,0,375,1900,45.6,Available
Chocolates & Candies,Veeba Hot Sweet Tomato Chilli Sauce,10400,20,3,8300,500,0,500,2100,16.6,Available
Chocolates & Candies,Borges Durum Wheat Pasta Superior Quality,25000,40,6,14900,500,0,500,10100,29.8,Available
Chocolates & Candies,Funfoods Peanut Butter Crunchy,16900,7,1,15600,400,0,400,1300,39,Available
Chocolates & Candies,Pantai Red Curry Paste,6000,0,4,6000,50,0,50,0,120,Available
Chocolates & Candies,ITC Master Chef Chicken Seekh Kabab,32500,0,6,32500,500,0,500,0,65,Available
Chocolates & Candies,Del Monte Pizza & Pasta Sauce Spout Pack,9900,0,3,9900,400,0,400,0,24.75,Available
Chocolates & Candies,Pantai Sriracha Red Chilli Sauce,22500,15,6,19100,200,0,200,3400,95.5,Available
Chocolates & Candies,Hershey's Cocoa Spread,29500,0,3,29500,350,0,350,0,84.28571429,Available
Chocolates & Candies,Maggi Ghee Tadka Upma Express Pouch,2500,0,6,2500,65,0,65,0,38.46153846,Available
Chocolates & Candies,Ching's Secret Manchurian Noodles,9100,0,5,9100,360,0,360,0,25.27777778,Available
Chocolates & Candies,Kellogg's All Bran Wheat Flakes,22000,6,5,20500,425,0,425,1500,48.23529412,Available
Chocolates & Candies,Yummiez Chicken Breakfast Sausages,15000,0,3,15000,250,0,250,0,60,Available
Chocolates & Candies,Bagrrys Muesli Crunchy Fruit & Nut With Cranberries,33000,10,6,29700,400,0,400,3300,74.25,Available
Chocolates & Candies,Quaker Oats Pouch,27600,10,6,24800,1500,0,1,2800,16.53333333,Available
Chocolates & Candies,Prasuma Momos -  Cheesy Spicy Veg,29500,0,6,29500,24,0,24,0,1229.166667,Available
Chocolates & Candies,Veeba Sriracha Chilli Garlic Sauce,14900,8,5,13700,320,0,320,1200,42.8125,Available
Chocolates & Candies,Moi Soi Kung Pao Sauce - For Stir Fry Marinade Spread & Dip,28000,50,5,14000,175,0,175,14000,80,Available
Chocolates & Candies,Figaro Plain Green Olive ,17900,0,6,17900,450,0,450,0,39.77777778,Available
Chocolates & Candies,Mother's Recipe Gujrati Gorkeri Pickle,14000,10,3,12600,500,0,500,1400,25.2,Available
Chocolates & Candies,Kellogg's Muesli 20% Nuts Delight,32000,0,6,32000,500,0,500,0,64,Available
Chocolates & Candies,Borges Farfalle Durum Wheat Pasta ,25000,0,5,25000,500,0,500,0,50,Available
Chocolates & Candies,Nestle Nan Pro 4 Follow Up Formula Powder For Older Infants ,62000,0,1,62000,400,0,400,0,155,Available
Chocolates & Candies,Veeba Truly Tomato Ketchup,9900,20,6,7900,500,0,500,2000,15.8,Available
Chocolates & Candies,Ching's Secret Green Chilli Sauce,8500,4,1,8100,680,0,680,400,11.91176471,Available
Chocolates & Candies,MTR Roasted Vermicelli ,5500,0,1,5500,400,0,400,0,13.75,Available
Chocolates & Candies,Mother's Recipe Punjabi Teekha Mang Pickle,12000,10,4,10800,400,0,400,1200,27,Available
Chocolates & Candies,Ching's Secret Hot Garlic Instant Noodles,11400,0,6,11400,480,0,480,0,23.75,Available
Chocolates & Candies,Kellogg's Real Honey Corn Flakes,29000,7,5,26700,630,0,630,2300,42.38095238,Available
Chocolates & Candies,ITC Master Chef Lebanese Falafel Kebab,13000,4,4,12400,230,0,230,600,53.91304348,Available
Chocolates & Candies,Kelloggs Chocos Fills Double Chocolaty,18500,10,5,16500,250,0,250,2000,66,Available
Chocolates & Candies,Organic India Apple Cider Vinegar,59500,9,2,53600,500,0,500,5900,107.2,Available
Chocolates & Candies,Masala Oats Masala & Coriander ,19500,9,5,17600,500,0,500,1900,35.2,Available
Chocolates & Candies,Ching's Secret  Noodles - Pad Thai Lemongras,20000,0,5,20000,130,0,130,0,153.8461538,Available
Chocolates & Candies,Bagrrys Fruit and Nut Muesli with Cranberries,49900,0,5,49900,750,0,750,0,66.53333333,Available
Chocolates & Candies,Kitchens Of India Yellow Dal Tadka,11000,30,6,7700,285,0,285,3300,27.01754386,Available
Chocolates & Candies,Soulfull Vanilla Fills - Ragi Bites,16900,5,6,16000,250,0,250,900,64,Available
Chocolates & Candies,Pantai Teriyaki Sauce with Garlic,32500,15,6,27600,200,0,200,4900,138,Available
Chocolates & Candies,Whiskas Adult Pocket Tuna Cat Food,41000,0,1,41000,1200,0,1,0,34.16666667,Available
Chocolates & Candies,Kitchens Of India Chicken Darbari ,20000,30,4,14000,285,0,285,6000,49.12280702,Available
Chocolates & Candies,Soulfull Millet Muesli Fruit & Nut Almonds & Real Fruits,29900,10,6,26900,400,0,400,3000,67.25,Available
Chocolates & Candies,Smith & Jones Red Pasta Sauce Mix,4000,0,6,4000,46,0,46,0,86.95652174,Available
Chocolates & Candies,Kellogg's Muesli Nuts Delight,42500,9,3,38300,750,0,750,4200,51.06666667,Available
Chocolates & Candies,Kitchens of India Dal Bukhara Gravy Mix,11000,30,6,7700,285,0,285,3300,27.01754386,Available
Chocolates & Candies,The Whole Truth Peanut Butter - Sweetened & Crunchy,21500,20,6,17200,325,0,325,4300,52.92307692,Available
Chocolates & Candies,Remia Mayonnaise,23000,0,6,23000,241,0,241,0,95.43568465,Available
Chocolates & Candies,Bagrrys Fruit N Fibre Muesli - Strawberry,59500,0,1,59500,1000,0,1,0,59.5,Available
Chocolates & Candies,Ching's Secret Tomato Oats Instant Soup,1500,0,3,1500,20,0,20,0,75,Available
Chocolates & Candies,Kellogg's Special K Original Corn Flakes,14000,5,1,13300,290,0,290,700,45.86206897,Available
Chocolates & Candies,Moi Soi  Black Bean Sauce - Dip Spread Stir Fry & Marinade,28000,50,5,14000,175,0,175,14000,80,Available
Chocolates & Candies,Tong Garden Wasabi Green Peas,17500,4,6,16700,150,0,150,800,111.3333333,Available
Chocolates & Candies,Ching's Secret Red Chilli Sauce,10500,0,4,10500,440,0,440,0,23.86363636,Available
Chocolates & Candies,Ching's Instant Hot and Sour Soup,5500,0,5,5500,55,0,55,0,100,Available
Chocolates & Candies,Ching's Secret Noodles - Pad Thai Original,20000,0,6,20000,130,0,130,0,153.8461538,Available
Chocolates & Candies,Aashirvaad Instant Meals - Khatta Meetha Pohaa With Millets,5500,30,5,3800,80,0,80,1700,47.5,Available
Chocolates & Candies,Del Monte Black Sliced Olives,25000,0,1,25000,450,0,450,0,55.55555556,Available
Chocolates & Candies,Kitchens Of India Murgh Methi,22000,30,5,15400,285,0,285,6600,54.03508772,Available
Chocolates & Candies,Nestle Cerelac 5 Grains & Fruits Cereal,28800,0,6,28800,300,0,300,0,96,Available
Chocolates & Candies,The Whole Truth - 5 Grain Muesli No Added Sugar,32500,20,6,26000,350,0,350,6500,74.28571429,Available
Chocolates & Candies,Ching's Secret  Pad Thai Noodles Green Curry,20000,0,6,20000,130,0,130,0,153.8461538,Available
Chocolates & Candies,Aashirvaad Suji Halwa With Jaggery,7500,0,6,7500,70,0,70,0,107.1428571,Available
Chocolates & Candies,Mother's Recipe Mango Pickle ,12000,0,1,12000,400,0,400,0,30,Available
Chocolates & Candies,Ching's Secret Pad Thai Noodles - Extra Hot Thai Chilli,20000,0,6,20000,130,0,130,0,153.8461538,Available
Chocolates & Candies,Knorr Sweet Corn Chicken Soup,5500,0,2,5500,42,0,42,0,130.952381,Available
Chocolates & Candies,Ching's Secret Tomato Soup,5500,0,6,5500,55,0,55,0,100,Available
Chocolates & Candies,Funfoods Peanut Butter Creamy,16900,0,1,16900,400,0,400,0,42.25,Available
Chocolates & Candies,Japanese Choice Udon Noodles,29500,9,6,26600,250,0,250,2900,106.4,Available
Chocolates & Candies,Kelloggs Muesli - With 22% Fruit Magic,32000,10,5,28800,500,0,500,3200,57.6,Available
Chocolates & Candies,Dabur Hommade - Kalonji Tamatar Ki Chutney,6500,6,6,6100,200,0,200,400,30.5,Available
Chocolates & Candies,Kitchens Of India Dal Makhani,11000,30,1,7700,285,0,285,3300,27.01754386,Available
Chocolates & Candies,Del Monte Green Chili Sauce,5500,0,3,5500,190,0,190,0,28.94736842,Available
Chocolates & Candies,Pedigree Dog Food Adult Chicken & Veg,66000,10,1,59400,3000,0,3,6600,19.8,Available
Chocolates & Candies,Kitchens Of India Rajma Masala,11000,30,5,7700,285,0,285,3300,27.01754386,Available
Chocolates & Candies,Kitchen Of India Ready-To-Eat Pindi Channa,11000,30,2,7700,285,0,285,3300,27.01754386,Available
Chocolates & Candies,Figaro Pitted Black Olive ,17900,0,6,17900,450,0,450,0,39.77777778,Available
Chocolates & Candies,Cantina Tabasco Red Sauce,14000,15,6,11900,60,0,60,2100,198.3333333,Available
Chocolates & Candies,Mother's Recipe Pickle - Mixed,14900,26,6,10900,500,0,500,4000,21.8,Available
Chocolates & Candies,Nestle Cerelac Baby Cereal with Milk 5 Grains & Vegetables from 18 to 24 Month,27900,0,5,27900,300,0,300,0,93,Available
Chocolates & Candies,Pedigree Meat Jerky Adult Dog Treat Barbecued Chicken,14000,20,6,11200,80,0,80,2800,140,Available
Chocolates & Candies,Veeba Peri Peri Sauce,16100,0,6,16100,300,0,300,0,53.66666667,Available
Chocolates & Candies,Pantai Sriracha Yellow Chilli Sauce,22500,15,6,19100,200,0,200,3400,95.5,Available
Chocolates & Candies,Praakritik Organic Jumbo Rolled Oats,19000,11,6,16900,500,0,500,2100,33.8,Available
Chocolates & Candies,Ching's Secret Just Soak - Whole Wheat Veg Hakka Noodles,12300,0,6,12300,600,0,600,0,20.5,Available
Chocolates & Candies,Pantai Spring Roll Sauce,27500,10,6,24500,200,0,200,3000,122.5,Available
Chocolates & Candies,MTR Vermicelli Payasam,7500,0,6,7500,180,0,180,0,41.66666667,Available
Chocolates & Candies,Bagrrys Corn Flakes,35000,0,6,35000,880,0,800,0,39.77272727,Available
Chocolates & Candies,MTR Ready To Eat Palak Paneer ,13500,11,6,12000,300,0,300,1500,40,Available
Chocolates & Candies,Del Monte Red Chili Sauce,5500,0,5,5500,190,0,190,0,28.94736842,Available
Chocolates & Candies,Kitchens of India Mutter Paneer Mix,12000,30,4,8400,285,0,285,3600,29.47368421,Available
Chocolates & Candies,The Laughing Cow Cheese Spread Plain,11000,0,6,11000,180,0,180,0,61.11111111,Available
Chocolates & Candies,MTR Dal Fry,11000,0,5,11000,300,0,300,0,36.66666667,Available
Chocolates & Candies,Pantai Fish Sauce,27500,14,6,23400,200,0,200,4100,117,Available
Chocolates & Candies,Cantina Beans Mexican Beans,25000,14,6,21300,410,0,410,3700,51.95121951,Available
Chocolates & Candies,Ching's Secret Manchurian Instant Noodle,11400,0,6,11400,480,0,480,0,23.75,Available
Chocolates & Candies,Remia Salad Italian Dressing ,23000,0,6,23000,250,0,250,0,92,Available
Chocolates & Candies,Yummiez Veg Cheese Fingers Pouch,23000,0,4,23000,400,0,400,0,57.5,Available
Chocolates & Candies,MTR Dal Makhani,11000,0,4,11000,300,0,300,0,36.66666667,Available
Chocolates & Candies,MTR Ready to Eat Pav Bhaji,11000,0,6,11000,300,0,300,0,36.66666667,Available
Chocolates & Candies,Weikfield Tomato Salsa Instant Pasta,2500,0,1,2500,77,0,77,0,32.46753247,Available
Chocolates & Candies,NestlÃ© CERELAC Baby Cereal with Milk,27200,0,1,27200,300,0,300,0,90.66666667,Available
Chocolates & Candies,Remia Salad Caesar Dressing,25000,0,6,25000,250,0,250,0,100,Available
Chocolates & Candies,Bagrrys Fruit N Fibre Muesli Mixed Fruit,33000,0,6,33000,500,0,500,0,66,Available
Chocolates & Candies,MTR Paneer Butter Masala & Veg Pulao,17500,9,4,15800,375,0,375,1700,42.13333333,Available
Chocolates & Candies,Sundrop Cocoa Nut Hazelnut Chocolatey Spread,12000,0,6,12000,160,0,160,0,75,Available
Chocolates & Candies,Moi Soi Manchurian Sauce - For Stir Fry Marinade Spread & Dip,28000,50,6,14000,175,0,175,14000,80,Available
Chocolates & Candies,Pedigree Dog Food Adult Meat & Rice,66000,7,2,60800,3000,0,3,5200,20.26666667,Available
Chocolates & Candies,Pantai Sriracha Green Chilli Sauce,22500,15,6,19100,200,0,200,3400,95.5,Available
Chocolates & Candies,Pantai Chilli Garlic Sauce,27500,14,6,23400,200,0,200,4100,117,Available
Chocolates & Candies,Pantai Dark Soy Sauce,27500,14,6,23400,200,0,200,4100,117,Available
Chocolates & Candies,Yoga Bar Peanut Butter Dark Chocolate Jar,24900,0,4,24900,400,0,400,0,62.25,Available
Chocolates & Candies,Cantina Tabasco Green Sauce,14000,15,6,11900,60,0,60,2100,198.3333333,Available
Chocolates & Candies,Pantai Pad Thai Sauce (Non-Veg),32500,9,5,29300,200,0,200,3200,146.5,Available
Chocolates & Candies,Pantai Sweet Chilli Sauce,27500,14,6,23400,200,0,200,4100,117,Available
Chocolates & Candies,Ching's Secret Schezwan Instant Noodle,11400,0,6,11400,480,0,480,0,23.75,Available
Chocolates & Candies,Yummiez Chicken Garlic Fingers Pouch,25000,0,5,25000,400,0,400,0,62.5,Available
Chocolates & Candies,Pediasure Premium Chocolate Powdered Health Drink,61000,0,2,61000,400,0,400,0,152.5,Available
Chocolates & Candies,Chings Secret Hot Garlic Instant Noodles,9100,0,6,9100,60,0,60,0,151.6666667,Available
Chocolates & Candies,Godrej Yummiez Cheese Corn Nuggets ,23000,0,4,23000,400,0,400,0,57.5,Available
Chocolates & Candies,Pantai Hot Chilli Sauce,27500,14,6,23400,200,0,200,4100,117,Available
Chocolates & Candies,Knorr International Mexican Tomato Corn Soup ,6500,6,3,6100,52,0,52,400,117.3076923,Available
Chocolates & Candies,Bagrry's Fruit Fibre Muesli Mixed Fruit ,59500,0,5,59500,1000,0,1,0,59.5,Available
Chocolates & Candies,Maggi 2-Minute Instant Noodles - Masala,4400,0,0,4400,280,1,280,0,15.71428571,out of stock
Chocolates & Candies,"Kurkure Green Chutney, Rajasthani Style",2000,0,0,2000,90,1,90,0,22.22222222,out of stock
Chocolates & Candies,Kellogg's Chocos Combo Pack,6000,6,0,5600,156,1,156,400,35.8974359,out of stock
Chocolates & Candies,Kissan Mixed Fruit Jam ,15500,0,0,15500,500,1,500,0,31,out of stock
Chocolates & Candies,Lijjat Urad Papad,6000,5,0,5700,200,1,200,300,28.5,out of stock
Chocolates & Candies,Amul Cheese Spread Yummy Plain,8500,0,0,8500,200,1,200,0,42.5,out of stock
Chocolates & Candies,Mother's Recipe Ginger And Garlic Paste,5000,24,0,3800,200,1,200,1200,19,out of stock
Chocolates & Candies,Maggi Magic Cubes Chicken,4000,2,0,3900,40,1,40,100,97.5,out of stock
Chocolates & Candies,Pedigree Puppy Chicken Chunks in Gravy ,3500,2,0,3400,70,1,70,100,48.57142857,out of stock
Chocolates & Candies,The Whole Truth Peanut Butter - Unsweetened & Crunchy,18500,20,0,14800,325,1,325,3700,45.53846154,out of stock
Chocolates & Candies,Ching's Chow Mein Hakka Noodles Masala,1000,0,0,1000,20,1,20,0,50,out of stock
Chocolates & Candies,Safal Frozen Mixed Vegetables,6000,5,0,5700,500,1,500,300,11.4,out of stock
Chocolates & Candies,Safal Frozen Corn,4100,4,0,3900,200,1,200,200,19.5,out of stock
Chocolates & Candies,Amul Cheese Spread Spicy Garlic,8500,3,0,8200,200,1,200,300,41,out of stock
Chocolates & Candies,Ching's Secret Veg Hakka Noodles,10700,0,0,10700,600,1,600,0,17.83333333,out of stock
Chocolates & Candies,Saffola Oats 100 % Natural,1500,0,0,1500,38,1,38,0,39.47368421,out of stock
Chocolates & Candies,Lijjat Moong Papad,6000,5,0,5700,200,1,200,300,28.5,out of stock
Chocolates & Candies,Mothers Recipe Papad - Sabudana With Rock Salt,3100,9,0,2800,70,1,70,300,40,out of stock
Chocolates & Candies,Maggi Chilly Chow Cuppa Noodles,5000,0,0,5000,70,1,70,0,71.42857143,out of stock
Chocolates & Candies,Veeba Favourites Eggless Burger Mayonnaise,6900,8,0,6300,250,1,250,600,25.2,out of stock
Chocolates & Candies,Sunfeast Yippee! Magic Masala Noodles,4800,6,0,4500,240,1,240,300,18.75,out of stock
Chocolates & Candies,Top Ramen Masala,9100,9,0,8200,560,1,560,900,14.64285714,out of stock
Chocolates & Candies,Kelloggs Corn Flakes With Real Strawberry Pure,26500,10,0,23600,575,1,575,2900,41.04347826,out of stock
Chocolates & Candies,Mother's Recipe Potato Papad,3100,9,0,2800,70,1,75,300,40,out of stock
Chocolates & Candies,Mothers Recipe Rice Papad Ajwain,2400,0,0,2400,75,1,75,0,32,out of stock
Chocolates & Candies,Chef's Basket Durum Wheat Penne Pasta,16000,50,0,8000,500,1,500,8000,16,out of stock
Chocolates & Candies,Dabur Hommade - Imli Sauce Saunth,2000,10,0,1800,100,1,100,200,18,out of stock
Chocolates & Candies,Zorabian Chicken Kheema Parathas,19000,0,0,19000,300,1,300,0,63.33333333,out of stock
Chocolates & Candies,Sunfeast Pasta Treat Pack of Tomato Cheese,2800,17,0,2300,65,1,65,500,35.38461538,out of stock
Chocolates & Candies,Safal Frozen - Sweet Corn,16000,5,0,15200,1000,1,1,800,15.2,out of stock
Chocolates & Candies,MTR Vegetable Upma,2500,0,0,2500,60,1,60,0,41.66666667,out of stock
Chocolates & Candies,Del Monte Original Blend Tomato Ketchup Pouch,12000,7,0,11100,950,1,950,900,11.68421053,out of stock
Chocolates & Candies,Del Monte Natural Vinegar ,5500,3,0,5300,180,1,180,200,29.44444444,out of stock
Chocolates & Candies,Del Monte Eggless Mayo,13500,6,0,12600,500,1,500,900,25.2,out of stock
Chocolates & Candies,ITC Master Chef Cheesy Corn Triangles,16000,5,0,15200,320,1,320,800,47.5,out of stock
Chocolates & Candies,Mother's Recipe Mixed Pickle ,11500,4,0,11000,400,1,400,500,27.5,out of stock
Chocolates & Candies,Godrej Yummiez Chicken Breakfast Salami,15000,4,0,14300,250,1,250,700,57.2,out of stock
Chocolates & Candies,Hershey's Cocoa + Almond Spread,29500,9,0,26600,350,1,350,2900,76,out of stock
Chocolates & Candies,Maggi Special Masala Spicy Yummy Noodles,7200,0,0,7200,280,1,280,0,25.71428571,out of stock
Chocolates & Candies,Del Monte Schezwan Sauce,5500,0,0,5500,190,1,190,0,28.94736842,out of stock
Chocolates & Candies,Yummiez Green Peas,13500,0,0,13500,500,1,500,0,27,out of stock
Chocolates & Candies,Yummiez American Sweet Corn,8500,0,0,8500,400,1,400,0,21.25,out of stock
Chocolates & Candies,Dr Oetker Cucumber & Carrot Sandwich Spread Veg,7900,0,0,7900,250,1,250,0,31.6,out of stock
Chocolates & Candies,Del Monte Pitted Green Olives,25000,0,0,25000,450,1,450,0,55.55555556,out of stock
"Meats, Fish & Eggs",Arden Eggs White,9700,0,4,9700,696,0,12,0,13.93678161,Available
"Meats, Fish & Eggs",Arden Eggs Brown,8500,7,4,7900,348,0,6,600,22.70114943,Available
"Meats, Fish & Eggs",Godrej Real Good Chicken Whole Pre-Cut,30000,10,4,27000,1000,0,1,3000,27,Available
"Meats, Fish & Eggs",Zorabian Chicken Breast Boneless,14500,8,3,13300,250,0,250,1200,53.2,Available
"Meats, Fish & Eggs",Godrej Real Good Chicken Curry Cut,17500,9,3,15800,500,0,500,1700,31.6,Available
"Meats, Fish & Eggs",TGFC Chicken Curry Cut Fresh,24900,25,1,18600,500,0,500,6300,37.2,Available
"Meats, Fish & Eggs",Arden Desi Eggs,11000,13,4,9500,348,0,6,1500,27.29885057,Available
"Meats, Fish & Eggs",Godrej Real Good Chicken Breast Boneless,27500,9,6,24800,450,0,450,2700,55.11111111,Available
"Meats, Fish & Eggs",Fresh Chicken Boneless Cubes (Halal),21500,5,1,20400,500,0,500,1100,40.8,Available
"Meats, Fish & Eggs",Godrej Real Good Chicken Kheema,25500,9,3,23000,450,0,450,2500,51.11111111,Available
"Meats, Fish & Eggs",Suguna Sharp Egg ,7200,13,3,6200,348,0,6,1000,17.81609195,Available
"Meats, Fish & Eggs",TGFC Bombay Duck Whole Cleaned,31900,14,1,27400,500,0,500,4500,54.8,Available
"Meats, Fish & Eggs",Zorabian Pre Cut Chicken Skinless (Half),16500,0,1,16500,500,0,500,0,33,Available
"Meats, Fish & Eggs",Godrej Real Good Chicken Drumstick ,26500,9,2,23900,500,0,500,2600,47.8,Available
"Meats, Fish & Eggs",Suguna Active - DHA,7200,13,4,6200,348,0,6,1000,17.81609195,Available
"Meats, Fish & Eggs",Godrej Real Good Chicken Marinated Lollipop ,20000,10,2,18000,580,0,10,2000,31.03448276,Available
"Meats, Fish & Eggs",Godrej Yummiez Chicken Nuggets,32500,9,1,29300,500,0,500,3200,58.6,Available
"Meats, Fish & Eggs",Eastern Chicken Masala,7000,7,3,6500,100,0,100,500,65,Available
"Meats, Fish & Eggs",Ching's Chicken Chilli Masala,1000,0,6,1000,20,0,20,0,50,Available
"Meats, Fish & Eggs",Fresh Chicken Whole Leg - Skinless (Halal),16500,4,1,15700,500,0,500,800,31.4,Available
"Meats, Fish & Eggs",Ceres Foods Fish Mustard Instant Liquid Masala,22000,50,6,11000,200,0,200,11000,55,Available
"Meats, Fish & Eggs",TGFC Tilapia Curry Cut,25900,43,1,14700,500,0,500,11200,29.4,Available
"Meats, Fish & Eggs",Godrej Yummiez Chicken Lucknowi Seekh Kebab,26000,10,4,23400,400,0,400,2600,58.5,Available
"Meats, Fish & Eggs",Godrej Real Good Marinated Hot & Grill Chicken,24500,9,2,22100,450,0,450,2400,49.11111111,Available
"Meats, Fish & Eggs",Everest Meat Masala Powder,7400,9,3,6700,100,0,100,700,67,Available
"Meats, Fish & Eggs",Suguna Heart- Omega3,7200,13,4,6200,348,0,6,1000,17.81609195,Available
"Meats, Fish & Eggs",Everest Powder - Egg Curry Masala,4000,2,6,3900,50,0,50,100,78,Available
"Meats, Fish & Eggs",TGFC Chicken Boneless Fresh Whole,26100,14,1,22200,500,0,500,3900,44.4,Available
"Meats, Fish & Eggs",Zorabian Chicken Smoked Ham,20500,5,1,19400,250,0,250,1100,77.6,Available
"Meats, Fish & Eggs",Suguna Fit Egg,12000,43,4,6800,348,0,6,5200,19.54022989,Available
"Meats, Fish & Eggs",Everest Tandoori Chicken Masala,3900,2,5,3800,50,0,50,100,76,Available
"Meats, Fish & Eggs",Godrej Yummiez Chilli Chicken Sausages ,16000,10,3,14400,250,0,250,1600,57.6,Available
"Meats, Fish & Eggs",Godrej Yummiez Chicken Punjabi Tikka ,29500,9,6,26600,360,0,360,2900,73.88888889,Available
"Meats, Fish & Eggs",Eastern Fish Masala,4800,2,5,4700,100,0,100,100,47,Available
"Meats, Fish & Eggs",TGFC Catla Bengali Cut,29000,29,1,20400,500,0,500,8600,40.8,Available
"Meats, Fish & Eggs",Godrej Real Good Chicken Leg Boneless,27500,9,3,24800,450,0,450,2700,55.11111111,Available
"Meats, Fish & Eggs",TGFC Rohu Bengali Cut,24900,28,1,17900,500,0,500,7000,35.8,Available
"Meats, Fish & Eggs",Godrej Real Good Chicken Lollypop,17500,9,1,15800,580,0,10,1700,27.24137931,Available
"Meats, Fish & Eggs",Godrej Real Good Chicken Liver Sealed ,7500,9,1,6800,200,0,200,700,34,Available
"Meats, Fish & Eggs",Fresh Mutton Mince - Kheema (Halal),51500,3,1,49500,500,0,500,2000,99,Available
"Meats, Fish & Eggs",Fresh Mutton Curry Cut Cubes (Halal),46500,4,1,44200,500,0,500,2300,88.4,Available
"Meats, Fish & Eggs",Ceres Foods Laal Maas Instant Liquid Masala,22000,50,5,11000,200,0,200,11000,55,Available
"Meats, Fish & Eggs",Godrej Real Good Chicken Legs ,21000,10,1,18900,116,0,2,2100,162.9310345,Available
"Meats, Fish & Eggs",Yummiez Chicken Breakfast Sausages,15000,0,3,15000,250,0,250,0,60,Available
"Meats, Fish & Eggs",TGFC Basa Fillets,32900,24,1,24700,500,0,500,8200,49.4,Available
"Meats, Fish & Eggs",Zorabian Chicken Legs Skinless,21000,0,1,21000,450,0,450,0,46.66666667,Available
"Meats, Fish & Eggs",Ceres Foods Nalli Nihari Instant Liquid Masala,22000,50,6,11000,200,0,200,11000,55,Available
"Meats, Fish & Eggs",Yummiez Chicken Garlic Fingers Pouch,25000,0,5,25000,400,0,400,0,62.5,Available
"Meats, Fish & Eggs",Suhana Spice Mix - Chicken Biryani,6600,0,6,6600,50,0,50,0,132,Available
"Meats, Fish & Eggs",Suguna Nourish Egg,6200,0,0,6200,696,1,12,0,8.908045977,out of stock
"Meats, Fish & Eggs",Fresh Chicken Curry Cut - Skinless (Halal),14000,0,0,14000,500,1,500,0,28,out of stock
"Meats, Fish & Eggs",Zorabian Chicken Breast Boneless ,14500,0,0,14500,450,1,450,0,32.22222222,out of stock
"Meats, Fish & Eggs",Zorabian Chicken Kheema Parathas,19000,0,0,19000,300,1,300,0,63.33333333,out of stock
"Meats, Fish & Eggs",Fresh Chicken Mince - Kheema (Halal),21500,5,0,20400,500,1,500,1100,40.8,out of stock
"Meats, Fish & Eggs",Godrej Real Good Chicken Boneless Cubes ,27500,9,0,24800,450,1,450,2700,55.11111111,out of stock
"Meats, Fish & Eggs",Suguna Vitamin D Egg,7500,17,0,6200,348,1,6,1300,17.81609195,out of stock
"Meats, Fish & Eggs",Suguna Nourish Egg ,7200,16,0,6000,348,1,6,1200,17.24137931,out of stock
"Meats, Fish & Eggs",Zorabian Chicken Mince,25000,0,0,25000,450,1,450,0,55.55555556,out of stock
"Meats, Fish & Eggs",Zorabian Chicken Leg Boneless ,25000,0,0,25000,450,1,450,0,55.55555556,out of stock
"Meats, Fish & Eggs",Godrej Yummiez Chicken Breakfast Salami,15000,4,0,14300,250,1,250,700,57.2,out of stock
"Meats, Fish & Eggs",Zorabian Chicken Cubes,27000,0,0,27000,500,1,500,0,54,out of stock
Biscuits,Britannia Good Day Cashew Cookies,1000,0,6,1000,60,0,58,0,16.66666667,Available
Biscuits,Britannia 50-50 Maska Chaska Biscuits,3200,3,6,3100,120,0,120,100,25.83333333,Available
Biscuits,Dukes Waffy Chocolate Wafers,4500,51,4,2200,60,0,75,2300,36.66666667,Available
Biscuits,Britannia Nutri Choice Digestive Biscuit,4500,0,1,4500,200,0,150,0,22.5,Available
Biscuits,Britannia Goodday Chocochip Cookies,12000,17,5,9900,400,0,400,2100,24.75,Available
Biscuits,Britannia Good Day Pista Badam,4500,2,1,4400,200,0,200,100,22,Available
Biscuits,Cadbury Chocobakes Chocolate Filled Cookies ,3000,0,5,3000,75,0,75,0,40,Available
Biscuits,Dukes Waffy Strawberry Roll,15000,50,3,7500,250,0,250,7500,30,Available
Biscuits,Parle Monaco Classic Salty Biscuits,7000,0,4,7000,400,0,400,0,17.5,Available
Biscuits,Dukes Waffy Orange Wafers,4500,51,5,2200,60,0,75,2300,36.66666667,Available
Biscuits,Britannia Milk Bikis Biscuits Packet,2000,0,3,2000,200,0,200,0,10,Available
Biscuits,Britannia Toastea (Premium Bake Rusk),6500,0,6,6500,400,0,400,0,16.25,Available
Biscuits,Dukes Waffy Strawberry Wafers,4500,51,2,2200,60,0,75,2300,36.66666667,Available
Biscuits,Britannia Toastea Premium Bake Rusk,3500,0,3,3500,182,0,182,0,19.23076923,Available
Biscuits,Lotte Choco Pie ,8000,10,3,7200,168,0,168,800,42.85714286,Available
Biscuits,Bauli Moonfils Choco Veg Puff Roll,1500,0,2,1500,45,0,45,0,33.33333333,Available
Biscuits,Sunfeast Dark Fantasy Choco Fills Cookies Packet,15000,15,3,12700,300,0,300,2300,42.33333333,Available
Biscuits,Britannia 50-50 Maska Chaska Biscuit,7500,10,6,6750,300,0,300,750,22.5,Available
Biscuits,Britannnia 50-50 Sweet & Salty Biscuit,2500,0,4,2500,200,0,200,0,12.5,Available
Biscuits,Britannia Good Day Chunky Cookies,5000,15,6,4250,120,0,120,750,35.41666667,Available
Biscuits,Sunfeast Marie Light,2300,13,1,2000,200,0,200,300,10,Available
Biscuits,Britannia Bourbon Biscuit Buy 4 Get 1 Free,8000,10,2,7200,500,0,500,800,14.4,Available
Biscuits,The Bake Shop Whole Wheat Oats Khari,6500,6,5,6100,200,0,200,400,30.5,Available
Biscuits,Britannia Nutri Choice Oats Milk Almond Biscuit,2500,10,6,2250,75,0,75,250,30,Available
Biscuits,Sunfeast Dark Fantasy Choco Creme,8000,27,4,5800,300,0,300,2200,19.33333333,Available
Biscuits,Lotte Choco Pie Chocolate Cake,2500,0,6,2500,56,0,56,0,44.64285714,Available
Biscuits,Sunfeast Mom's Magic Cashew & Almond Cookies Packet,3000,10,3,2700,200,0,200,300,13.5,Available
Biscuits,Unibic SugarFree - Oatmeal Cookies,5000,16,3,4200,75,0,75,800,56,Available
Biscuits,Parle Hide & Seek Cookies With Added Almonds,3000,3,1,2900,100,0,100,100,29,Available
Biscuits,Unibic Fruit & Nut Cookies,2500,8,3,2300,67,0,67,200,34.32835821,Available
Biscuits,Sunfeast Yumfills Whoopie Pie,14000,25,5,10500,253,0,276,3500,41.50197628,Available
Biscuits,McVitie's Marie biscuits with Goodness of Calcium,3000,0,6,3000,250,0,250,0,12,Available
Biscuits,Britannia Treat Croissant Vanilla Creme Roll,2000,10,2,1800,47,0,47,200,38.29787234,Available
Biscuits,Unibic Honey Oatmeal Cookies,2500,8,6,2300,75,0,75,200,30.66666667,Available
Biscuits,Britannia Good Day Choco Chip Cookies,3000,3,6,2900,100,0,100,100,29,Available
Biscuits,The Bake Shop Masala Cheese Crackers,9500,6,3,8900,100,0,100,600,89,Available
Biscuits,Britannia Pure Magic Vanilla Creme Biscuit,3500,17,4,2900,100,0,100,600,29,Available
Biscuits,Open Secret Assorted Story Box,10500,22,4,8100,75,0,75,2400,108,Available
Biscuits,Cadbury Oreo Dipped Biscuit,7000,10,1,6300,150,0,150,700,42,Available
Biscuits,Sunfeast Farmlite Oats & Almonds Biscuits Packet,6000,10,3,5400,150,0,150,600,36,Available
Biscuits,Unibic SugarFree - Butter Cookies,5000,16,6,4200,75,0,75,800,56,Available
Biscuits,Britannia Good Day Cashew Cookies Packet,12000,12,6,10560,600,0,600,1440,17.6,Available
Biscuits,Dukes Sour & Cream Onion Nibbles Baked,5500,25,3,4100,150,0,150,1400,27.33333333,Available
Biscuits,Parle Hide & Seek Choco Rolls,5000,2,4,4900,120,0,120,100,40.83333333,Available
Biscuits,Britannia Treat Creme Wafers - Vanilla,4500,11,6,4000,60,0,1,500,66.66666667,Available
Biscuits,Parle Rusk Elaichi,4800,2,6,4700,300,0,300,100,15.66666667,Available
Biscuits,Sunfeast Mom's Magic Cashew & Almond Biscuits,12000,15,6,10200,600,0,600,1800,17,Available
Biscuits,Unibic Cashew Cookies,2500,8,6,2300,75,0,75,200,30.66666667,Available
Biscuits,Parle Monaco Jeffs Zeera Biscuit,6000,10,4,5400,200,0,200,600,27,Available
Biscuits,"Unibic Snack Bar - Multigrain, Choco",4000,17,6,3300,30,0,30,700,110,Available
Biscuits,The Bake Shop Methi Khari Simply Delicious,6500,6,2,6100,200,0,200,400,30.5,Available
Biscuits,Britannia Treat Jimjam Family Pack (Buy 4 Get 1 Free),10000,0,6,10000,500,0,500,0,20,Available
Biscuits,Open Secret Choco Almond Tiffin Pack,3500,22,3,2700,25,0,25,800,108,Available
Biscuits,Baker Street Suji Rusk Large Pack,3000,10,6,2700,200,0,200,300,13.5,Available
Biscuits,Sunfeast Dark Fantasy Vanilla Creme,8000,15,6,6800,300,0,300,1200,22.66666667,Available
Biscuits,Britannia Treat Burst Choco Creme Fills,3000,0,3,3000,120,0,120,0,25,Available
Biscuits,Parle Milano Mixed Berries Cookies,3500,2,3,3400,75,0,75,100,45.33333333,Available
Biscuits,Karachi Bakery Cashew Biscuits ,21000,5,4,19900,400,0,400,1100,49.75,Available
Biscuits,Britannia Pure Magic Choco Lush Cookies,12000,20,4,9600,300,0,300,2400,32,Available
Biscuits,Britannia Treart Creme Wafers Chocolate,4500,11,6,4000,60,0,1,500,66.66666667,Available
Biscuits,Unibic Daily Digestive (Multigrain Cookies),3000,6,6,2800,75,0,75,200,37.33333333,Available
Biscuits,Cadbury Chocobakes Choc Filled Cookies,6000,0,6,6000,150,0,150,0,40,Available
Biscuits,The Bake Shop Whole Wheat Multigrain Toast (Rusk),6000,6,2,5600,200,0,200,400,28,Available
Biscuits,Unibic Choco Kiss Cookies,4500,15,5,3800,75,0,75,700,50.66666667,Available
Biscuits,Britannia Treat Creme Wafers - Orange,4500,11,6,4000,60,0,60,500,66.66666667,Available
Biscuits,Bauli Moonfills Pack of 4,6000,10,6,5400,180,0,190,600,30,Available
Biscuits,Unibic Oatmeal Digestive Cookies ,5000,6,6,4700,150,0,150,300,31.33333333,Available
Biscuits,Orion Choco Pie - Chocolate Coated Soft Biscuit,15000,25,2,11200,336,0,336,3800,33.33333333,Available
Biscuits,Britannia Good Day Cashew Cookies Pack Of 6,12000,10,6,10800,120,0,120,1200,90,Available
Biscuits,Parle Fab Bourbon,3000,0,3,3000,150,0,150,0,20,Available
Biscuits,Open Secret White Choco Tiffin Pack,3500,22,1,2700,25,0,25,800,108,Available
Biscuits,The Bake Shop Whole Wheat Bread Sticks,6000,6,1,5600,100,0,100,400,56,Available
Biscuits,Unibic Assorted Cookies ,14900,8,6,13700,450,0,450,1200,30.44444444,Available
Biscuits,The Bake Shop Milk & Raisin Toast (Rusk),6000,6,4,5600,200,0,200,400,28,Available
Biscuits,Lotte Choco Pie Cocoa Pie,9000,10,6,8100,168,0,168,900,48.21428571,Available
Biscuits,Bauli Moonfils Veg - Strawberry,1500,0,5,1500,45,0,47,0,33.33333333,Available
Biscuits,The Bake Shop Masala Lavash,7500,6,6,7000,100,0,200,500,70,Available
Biscuits,Britannia Good Day Nut Cookies,3000,0,6,3000,120,0,120,0,25,Available
Biscuits,Sunfeast Mom's Magic Rich Butter Cookies,3000,10,6,2700,200,0,200,300,13.5,Available
Biscuits,The Bake Shop Whole Wheat Toast (Rusk) ,6000,6,4,5600,200,0,200,400,28,Available
Biscuits,Open Secret Peanut Butter Story Box,10500,22,6,8100,75,0,75,2400,108,Available
Biscuits,Open Secret White Choco Story Box,10500,22,6,8100,75,0,75,2400,108,Available
Biscuits,The Bake Shop Whole Wheat Multigrain Lavash,7500,6,3,7000,100,0,200,500,70,Available
Biscuits,McVitie's Oat Cookies,4500,0,2,4500,120,0,120,0,37.5,Available
Biscuits,Britannia Tiger Krunch Biscuits,12000,0,4,12000,400,0,400,0,30,Available
Biscuits,McVitie's Butter Cookies,3000,10,6,2700,200,0,200,300,13.5,Available
Biscuits,Bauli Moonfils Strawberry,1500,0,5,1500,45,0,45,0,33.33333333,Available
Biscuits,Britannia Good Day Butter Cookies,8000,10,6,7200,600,0,600,800,12,Available
Biscuits,The Bake Shop Jeera Ajwain Bread Sticks,6000,6,6,5600,100,0,100,400,56,Available
Biscuits,Parle Fab!o Vanilla Creme Sandwich Biscuit,3000,3,6,2900,120,0,120,100,24.16666667,Available
Biscuits,Sunfeast Farmlite Nuts Digestive,7000,11,6,6200,250,0,250,800,24.8,Available
Biscuits,Britannia Pure Magic - Chocolush,3500,2,6,3400,100,0,100,100,34,Available
Biscuits,The Bake Shop Maska & Multigrain Cheese Crackers,13000,10,3,11600,100,0,150,1400,116,Available
Biscuits,Britannia Nutri Choice Ragi Cookies,7000,10,6,6300,150,0,150,700,42,Available
Biscuits,Sunfeast Farmlite 5 Seed Digestive,6000,0,2,6000,250,0,250,0,24,Available
Biscuits,Dukes Nibbles - Ranch Crackers,5000,0,6,5000,150,0,150,0,33.33333333,Available
Biscuits,Danish Butter Cookies,35000,0,1,35000,400,0,400,0,87.5,Available
Biscuits,The Bake Shop Sesame Seed Crackers,13000,10,4,11600,100,0,150,1400,116,Available
Biscuits,Good Day Butter Cookies,1000,0,0,1000,75,1,75,0,13.33333333,out of stock
Biscuits,Britannia Marie Gold Biscuits Packet,3000,0,0,3000,250,1,250,0,12,out of stock
Biscuits,Sunfeast Dark Fantasy Choco Fills,3500,8,0,3200,75,1,75,300,42.66666667,out of stock
Biscuits,Britannia Nutri Choice Digestive Biscuits Packet,2500,0,0,2500,100,1,100,0,25,out of stock
Biscuits,Britannia Classic Little Hearts ,2500,0,0,2500,75,1,75,0,33.33333333,out of stock
Biscuits,Britannia Nice Time Biscuit,2500,0,0,2500,150,1,150,0,16.66666667,out of stock
Biscuits,Britannia Milk Bikis Cream Biscuit,4500,0,0,4500,200,1,200,0,22.5,out of stock
Biscuits,Britannia Bourbon Chocolate Cream Biscuits,3500,2,0,3400,150,1,150,100,22.66666667,out of stock
Biscuits,Dukes Waffy Chocolate Wafer Rolls ,15000,50,0,7500,250,1,250,7500,30,out of stock
Biscuits,Britannia Milk Bikis Milky Sandwich,2500,0,0,2500,120,1,120,0,20.83333333,out of stock
Biscuits,Britannia Marie Gold Biscuit,2800,0,0,2800,200,1,200,0,14,out of stock
Biscuits,Britannia Marie Gold (Buy 4 Get 1 Free),8000,0,0,8000,600,1,600,0,13.33333333,out of stock
Biscuits,Unibic Choco Nut Cookies,2500,8,0,2300,75,1,75,200,30.66666667,out of stock
Biscuits,Britannia Vita Marie Gold Biscuit,4500,0,0,4500,300,1,300,0,15,out of stock
Biscuits,The Bake Shop Maska Khari,6500,6,0,6100,200,1,100,400,30.5,out of stock
Biscuits,Parle Fab! Jam-In Cream Filled ,3500,2,0,3400,150,1,150,100,22.66666667,out of stock
Biscuits,Sunfeast Nice Biscuit,2500,12,0,2200,150,1,150,300,14.66666667,out of stock
Biscuits,Britannia Nutrichoice 5 Grain Digestive Biscuits,7500,0,0,7500,200,1,200,0,37.5,out of stock
Biscuits,Cadbury Oreo Strawberry Bicuits,3000,3,0,2900,120,1,120,100,24.16666667,out of stock
Biscuits,Sunfeast Mom's Magic Cashew & Almond Biscuit,1000,0,0,1000,60,1,60,0,16.66666667,out of stock
Biscuits,Britannia Roll Yo! Strawberry Swiss Roll,1000,0,0,1000,28,1,28,0,35.71428571,out of stock
Biscuits,Bauli Moonfils Choco Cream (With Egg),1500,0,0,1500,45,1,45,0,33.33333333,out of stock
Biscuits,Britannia Nutri Choice Oats Choco Almond Biscuit,2500,10,0,2250,100,1,75,250,22.5,out of stock
Biscuits,Britannia Nutri Choice Cracker Sugar Free Biscuit,3500,0,0,3500,300,1,300,0,11.66666667,out of stock
Biscuits,Cadbury Oreo Chocolatey Sandwich Biscuits Family Pack,8000,0,0,8000,300,1,300,0,26.66666667,out of stock
Biscuits,Bauli Moonfils Orange Puff Roll,1500,0,0,1500,45,1,45,0,33.33333333,out of stock
Biscuits,Britannia Treat Jimjam Cream Biscuits ,2500,0,0,2500,100,1,100,0,25,out of stock
Biscuits,The Bake Shop Jeera Khari,6500,0,0,6500,200,1,200,0,32.5,out of stock
Biscuits,"Cadbury Oreo Creme Biscuit - Vanilla, Original 120 g",3000,3,0,2900,120,1,120,100,24.16666667,out of stock
Biscuits,Bauli Moonfils - Vanilla,1500,0,0,1500,45,1,45,0,33.33333333,out of stock
Biscuits,Britannia Roll Yo! Choco Swiss Roll (With Egg),1000,0,0,1000,28,1,28,0,35.71428571,out of stock
Biscuits,Open Secret Choco Almond Story Box,10500,22,0,8100,75,1,75,2400,108,out of stock
Biscuits,Parle Monaco Sixer Salted Biscuits ,6000,10,0,5400,200,1,200,600,27,out of stock
Biscuits,Sunfeast Dark Fantasy Bourbon Bliss,3500,17,0,2900,150,1,150,600,19.33333333,out of stock
Biscuits,Patanjali Atta Doodh Rusk,4000,0,0,4000,300,1,300,0,13.33333333,out of stock
Personal Care,Clove Sensitive Toothpaste with Anti-Sensitivity & Fluoride Formulation,16000,35,3,10400,80,0,80,5600,130,Available
Personal Care,Dettol Original Germ Protection Alcohol Based Hand Sanitizer,2500,0,6,2500,50,0,50,0,50,Available
Personal Care,Colgate Visible White Toothpaste,11500,10,6,10300,100,0,100,1200,103,Available
Personal Care,Dettol SKincare Handwash Value Refill,10900,3,6,10500,750,0,750,400,14,Available
Personal Care,Savlon Herbal Sensitive Liquid Handwash Refill Pouch,11500,4,6,11000,750,0,500,500,14.66666667,Available
Personal Care,Colgate Total 12 Whole Mouth Protection Toothpaste,12000,10,6,10800,120,0,120,1200,90,Available
Personal Care,Lux International Creamy White Soap Bar,3500,2,6,3400,75,0,75,100,45.33333333,Available
Personal Care,Colgate Herbal Toothpaste,11400,18,2,9300,200,0,200,2100,46.5,Available
Personal Care,Nivea Men Deodorant Fresh Active 48h Long lasting Freshness,22500,24,6,16900,150,0,150,5600,112.6666667,Available
Personal Care,Dabur Meswak Toothpaste,5800,5,6,5500,100,0,100,300,55,Available
Personal Care,Colgate Max Fresh Cooling Crystals Toothpaste,10100,5,2,9500,150,0,150,600,63.33333333,Available
Personal Care,Indulekha Bhringa Hair Oil,43200,15,6,36700,100,0,100,6500,367,Available
Personal Care,Colgate Sensitive Soft Bristles Toothbrush,5000,0,6,5000,58,0,1,0,86.20689655,Available
Personal Care,Pears Pure & Gentle Glycerin Bath Soap,7500,0,6,7500,125,0,125,0,60,Available
Personal Care,Vaseline Skin Protecting Jelly,7900,13,6,6800,50,0,50,1100,136,Available
Personal Care,Dettol Original Germ Protection Bathing Soap Bar,16600,5,4,15700,375,0,375,900,41.86666667,Available
Personal Care,Dettol Intense Cool Soap (B4G1),26000,5,6,24700,625,0,625,1300,39.52,Available
Personal Care,Livon Anti-Frizz Serum,25000,10,3,22500,100,0,100,2500,225,Available
Personal Care,Lifebuoy Germ Protection Care Soap Bar,3000,3,3,2900,100,0,125,100,29,Available
Personal Care,Godrej Nupur â€“ 100% Pure Henna (Mehendi),1000,0,6,1000,18,0,18,0,55.55555556,Available
Personal Care,Glow & Lovely Advanced Multivitamin Face Cream,21300,10,6,19000,110,0,110,2300,172.7272727,Available
Personal Care,Set Wet Style Vertical Hold Hair Gel,5000,10,4,4500,50,0,50,500,90,Available
Personal Care,"Godrej Expert Rich CrÃ¨me, Natural Black",3000,0,6,3000,20,0,20,0,150,Available
Personal Care,Nycil Germ Expert Cool Herbal Talc,13000,8,1,11900,150,0,200,1100,79.33333333,Available
Personal Care,Godrej Expert Creme Hair Natural Brown Colour ,3000,0,6,3000,20,0,20,0,150,Available
Personal Care,Veet Sensitive Skin Hair Removal Cream,13500,5,6,12800,50,0,50,700,256,Available
Personal Care,Closeup Everfresh+ Anti-Germ Gel Toothpaste Red Hot,5000,2,1,4900,80,0,80,100,61.25,Available
Personal Care,Pears Pure And Gentle Value Pack Of 3 Bathing Soap,19900,6,5,18600,375,0,375,1300,49.6,Available
Personal Care,Gillette Presto Ready Shaver 5 Cartridges ,8800,6,6,8200,290,0,5,600,28.27586207,Available
Personal Care,"Godrej Expert Rich CrÃ¨me, Dark Brown",3000,0,4,3000,20,0,20,0,150,Available
Personal Care,Nivea Soft Light Moisturizer for Face Hand & Body Non-Sticky Cream with Vitamin E & Jojoba Oil ,18500,15,3,15700,100,0,100,2800,157,Available
Personal Care,Fiama Gel Bar Celebration Pack Buy 4 Get 1 Free,29000,10,6,26100,625,0,625,2900,41.76,Available
Personal Care,Gillette Sensitive Shaving Foam,22500,6,4,21000,418,0,418,1500,50.23923445,Available
Personal Care,Dove Hair Fall Rescue Shampoo,15000,6,5,14100,180,0,180,900,78.33333333,Available
Personal Care,Gillette Mach 3 Mens Razor Blades,49900,7,4,46000,232,0,4,3900,198.2758621,Available
Personal Care,Palmolive Aroma Absolute Relax Shower Gel,19900,20,2,15900,250,0,250,4000,63.6,Available
Personal Care,Godrej Protekt Germ Fighter Handwash,9900,0,6,9900,750,0,750,0,13.2,Available
Personal Care,Dettol Hand Sanitizer,10000,5,6,9500,200,0,200,500,47.5,Available
Personal Care,Dabur Amla Hair Oil,8800,0,2,8800,180,0,180,0,48.88888889,Available
Personal Care,Dettol Original Liquid Handwash,8900,4,6,8500,200,0,200,400,42.5,Available
Personal Care,L'Oreal Paris Total Repair 5 Conditioner,19900,0,6,19900,192,0,180,0,103.6458333,Available
Personal Care,Patanjali Saundarya Aloe Vera Gel,9000,0,5,9000,150,0,150,0,60,Available
Personal Care,Head & Shoulders 2 In 1 Anti Dandruff Shampoo Conditioner ,19500,10,4,17400,180,0,180,2100,96.66666667,Available
Personal Care,Clean & Clear Pimple Clearing Face Wash,13000,10,2,11700,80,0,80,1300,146.25,Available
Personal Care,Himalaya Anti Dandruff Shampoo,14000,8,2,12800,200,0,200,1200,64,Available
Personal Care,Stayfree Secure Dry Cover Regular Sanitary Pad With Wings,3000,3,6,2900,406,0,7,100,7.142857143,Available
Personal Care,Savlon Moisture Shield Hand Wash,9900,4,6,9500,750,0,750,400,12.66666667,Available
Personal Care,Dove Intense Repair Conditioner,19000,14,6,16200,175,0,80,2800,92.57142857,Available
Personal Care,Dabur Gulabari Rose Glow Face Cleanse,7500,5,4,7100,100,0,100,400,71,Available
Personal Care,Parachute Jasmine Hair Oil,8200,9,6,7400,190,0,190,800,38.94736842,Available
Personal Care,Johnson's Baby Skincare Wipes,7900,6,6,7400,1160,0,20,500,6.379310345,Available
Personal Care,Dettol Skincare Liquid Hand Wash,7900,0,6,7900,200,0,200,0,39.5,Available
Personal Care,Old Spice Original Lather Shaving Cream,7500,9,6,6800,70,0,70,700,97.14285714,Available
Personal Care,Veet Hair Removal Cream Dry Skin,13500,5,5,12800,50,0,50,700,256,Available
Personal Care,L'Oreal Paris Total Repair 5 Shampoo,26500,0,2,26500,396,0,360,0,66.91919192,Available
Personal Care,Fiama Menthol & Magnolia Cooling Gel Bar Soap,16000,11,6,14100,375,0,375,1900,37.6,Available
Personal Care,Nivea Lip Balm Original Care for 24h Moisture with Shea Butter & Natural Oils,14000,15,6,11900,5,0,4,2100,2380,Available
Personal Care,Oral-B Charcoal Deep Clean Stain Removal Toothbrush Soft,9900,0,3,9900,232,0,4,0,42.67241379,Available
Personal Care,Neutrogena Ultra Sheer Dry Touch SPF 50+ Sunblock Sunscreen Lotion,25000,10,3,22500,30,0,30,2500,750,Available
Personal Care,Clinic Plus Strong & Long Health Shampoo,49900,10,3,44900,650,0,650,5000,69.07692308,Available
Personal Care,Johnson's Baby No More Tears Baby Shampoo,9800,0,5,9800,100,0,100,0,98,Available
Personal Care,Colgate Zig Zag Toothbrush,12000,0,3,12000,348,0,6,0,34.48275862,Available
Personal Care,Savlon Moisture Shield Germ Protection Handwash Refill (Buy 1 Get 1 Free),18900,0,6,18900,1500,0,1500,0,12.6,Available
Personal Care,Colgate Sensitive Everyday Protection Anticavity Toothpaste,7500,0,6,7500,40,0,40,0,187.5,Available
Personal Care,Whisper Ultra Soft XL+ Sanitary Pads,33000,2,6,32300,30,0,30,700,1076.666667,Available
Personal Care,Garnier Colour Naturals Hair Colour - 1 Natural Black,8000,0,1,8000,60,0,60,0,133.3333333,Available
Personal Care,Axe Pulse Men's Deodorant,21000,0,6,21000,150,0,150,0,140,Available
Personal Care,Colgate Zigzag Charcoal Soft Bristle Toothbrush - 4 Pcs,9900,0,6,9900,232,0,4,0,42.67241379,Available
Personal Care,Whisper Ultra Clean Wings XL+  Pouch,44900,7,6,41500,44,0,44,3400,943.1818182,Available
Personal Care,Whisper Choice Regular Sanitary Pads,9000,0,6,9000,1160,0,20,0,7.75862069,Available
Personal Care,Axe Dark Temptation Men's Deodorant,21000,7,5,19400,150,0,150,1600,129.3333333,Available
Personal Care,Head & Shoulders Anti-Dandruff Smooth & Silky Shampoo,15000,0,4,15000,180,0,180,0,83.33333333,Available
Personal Care,Clinic Plus Strength & Shine Shampoo With Egg Protein ,10500,0,2,10500,175,0,175,0,60,Available
Personal Care,Engage M1 Perfume Spray for Men ,21000,7,6,19400,120,0,120,1600,161.6666667,Available
Personal Care,Tresemme Keratin Smooth Conditioner,38000,0,3,38000,340,0,340,0,111.7647059,Available
Personal Care,"Garnier Color Naturals CrÃ¨me Hair Color, Shade 5 Light Brown",18000,0,1,18000,100,0,100,0,180,Available
Personal Care,Origami Aloe Vera Wipes,7500,13,4,6500,25,0,25,1000,260,Available
Personal Care,"Engage Drizzle Deodorant For Women, Floral And Lavender, Skin Friendly",19500,10,6,17400,150,0,150,2100,116,Available
Personal Care,Gellette Presto Ready Shaver,2000,0,1,2000,58,0,1,0,34.48275862,Available
Personal Care,Colgate Max Fresh Plax Mouthwash - Fresh Mint,15000,20,5,12000,250,0,250,3000,48,Available
Personal Care,Colgate Zig Zag Charcoal Medium Toothbrush 4 Pcs,9900,0,6,9900,232,0,4,0,42.67241379,Available
Personal Care,Godrej Protekt,9900,0,3,9900,750,0,750,0,13.2,Available
Personal Care,Colgate Total Charcoal Anticavity Toothpaste,11000,10,3,9900,120,0,120,1100,82.5,Available
Personal Care,Colgate Kids 0-2 Extra Soft Tooth Brush,3000,16,6,2500,58,0,1,500,43.10344828,Available
Personal Care,Gillete Mach3 ,26000,10,6,23400,116,0,2,2600,201.7241379,Available
Personal Care,Godrej Cinthol Lime Talc,5500,0,3,5500,100,0,100,0,55,Available
Personal Care,Hamam Soap Bar Neem Tulsi and Aloe Vera,5800,0,6,5800,150,0,150,0,38.66666667,Available
Personal Care,"Godrej Expert Rich CrÃ¨me, Burgundy",3300,0,6,3300,20,0,20,0,165,Available
Personal Care,Colgate Gentle Sensitive+ Toothbrush Pack Of 4,12000,10,4,10800,232,0,4,1200,46.55172414,Available
Personal Care,Nivea Creme All Season Multi-Purpose Cream ,17500,10,4,15700,100,0,100,1800,157,Available
Personal Care,Oral-B Charcoal Deep Clean Stain Removal Toothbrush Medium,9900,0,1,9900,232,0,4,0,42.67241379,Available
Personal Care,Mamaearth 100% Natural Berry Blast Kids Toothpaste,14900,10,4,13400,50,0,50,1500,268,Available
Personal Care,HImalaya Gentle Baby Wipes,20000,10,3,18000,72,0,72,2000,250,Available
Personal Care,Stayfree Dry Max All Night XL Dry Cover Sanitary Pads,34000,12,6,29800,28,0,28,4200,1064.285714,Available
Personal Care,"L'Oreal Paris Excellence Creme Hair Color, 1 Black",62000,0,1,62000,172,0,172,0,360.4651163,Available
Personal Care,Fem Fairness Naturals Saffron Skin Bleach,8500,15,4,7200,64,0,64,1300,112.5,Available
Personal Care,Engage Woman Blush Body Deo Spray,19500,10,5,17400,150,0,150,2100,116,Available
Personal Care,Dove Pink Rosa Beauty Bathinhg Bar,6000,0,6,6000,100,0,100,0,60,Available
Personal Care,Sebamed Cleansing Bar,9900,10,4,8900,100,0,100,1000,89,Available
Personal Care,Pampers Premium Care Pants - Large,109900,18,2,89900,44,0,44,20000,2043.181818,Available
Personal Care,Nivea Women Deodorant Fresh Natural Long Lasting Freshness & 48h Protection,19900,20,2,15900,150,0,150,4000,106,Available
Personal Care,"L'Oreal Paris Excellence Creme Hair Color, 3 Dark Brown/Natural Darkest Brown",62000,0,6,62000,172,0,172,0,360.4651163,Available
Personal Care,Patanjali Kesh Kanti Natural Hair Cleanser,7500,9,4,6800,200,0,200,700,34,Available
Personal Care,Godrej No.1 Bathing Soap â€“ Lime & Aloe Vera,14900,0,6,14900,600,0,600,0,24.83333333,Available
Personal Care,Pantene Advanced Control Hair Fall Solution Shampoo,12000,6,5,11200,180,0,180,800,62.22222222,Available
Personal Care,Veet Full Body Waxing Kit For Dry Skin,23500,7,6,21800,1160,0,20,1700,18.79310345,Available
Personal Care,Gillette Lemon Lime Shaving Foam,19900,11,4,17700,196,0,196,2200,90.30612245,Available
Personal Care,Old Spice After Shave Lotion Musk,21500,6,3,20000,100,0,100,1500,200,Available
Personal Care,Whisper Ultra Soft Air Fresh Sanitary Pads (XL) with Wings,31500,0,4,31500,30,0,30,0,1050,Available
Personal Care,Himalaya Baby Powder,8000,8,4,7300,100,0,100,700,73,Available
Personal Care,Fiama Men's Refreshing Pulse Shower Gel,22500,20,4,18000,250,0,250,4500,72,Available
Personal Care,Whisper Ultra Clean XL Plus Sanitary Pad,17500,0,5,17500,870,0,15,0,20.11494253,Available
Personal Care,Johnson's Baby Powder,14300,0,6,14300,200,0,200,0,71.5,Available
Personal Care,Dove Cream Beauty Bathing Bar,23500,9,6,21200,125,0,125,2300,169.6,Available
Personal Care,Patanjali Kesh Kanti Shikakai Hair Cleanser,9500,0,4,9500,200,0,200,0,47.5,Available
Personal Care,L'Oreal Paris Color Protect Conditioner,19900,0,3,19900,192,0,192,0,103.6458333,Available
Personal Care,Nivea Men Active Clean with Active Charcoal Shower Gel for Body Face & Hair,19900,4,5,19100,250,0,250,800,76.4,Available
Personal Care,L'Oreal 6 Oil Nourish Conditioner,13500,0,1,13500,192,0,192,0,70.3125,Available
Personal Care,Godrej Easy Natural Black Hair Colour,2500,0,5,2500,20,0,20,0,125,Available
Personal Care,Dabur Gulabari Rose Water Daily Glow,8000,6,2,7500,250,0,250,500,30,Available
Personal Care,Himalaya Purifying Neem Face Wash,17000,10,6,15300,150,0,150,1700,102,Available
Personal Care,Fem Fairness Naturals Gold Skin Bleach,6500,9,3,5900,24,0,24,600,245.8333333,Available
Personal Care,Whisper Choice Ultra XL Sanitary Pad,13300,2,5,13000,1160,0,20,300,11.20689655,Available
Personal Care,Dove Dandruff Care Shampoo,15800,6,5,14700,180,0,180,1100,81.66666667,Available
Personal Care,Head & Shoulders Anti Dandruff Anti Hairfall Shampoo,28500,0,5,28500,340,0,240,0,83.82352941,Available
Personal Care,L'Oreal Casting Creme Ebony Black Hair Color,55000,0,6,55000,159,0,87,0,345.9119497,Available
Personal Care,Mamaearth Onion Hair Oil,39900,10,6,35900,150,0,150,4000,239.3333333,Available
Personal Care,L'Oreal Paris Casting Creme Gloss Hair Color (Dark Brown 400),55000,0,4,55000,159,0,159,0,345.9119497,Available
Personal Care,Palmolive Naturals Sea Minerals Liquid Hand Wash,9900,10,6,8900,250,0,250,1000,35.6,Available
Personal Care,Oral-B Extra Soft Bristles Sensitive ,9800,0,4,9800,232,0,4,0,42.24137931,Available
Personal Care,Engage M3 Perfume Spray for Men,20000,10,3,18000,120,0,120,2000,150,Available
Personal Care,Mamaearth Deeply Nourishing wash for Babies,19900,0,4,19900,200,0,200,0,99.5,Available
Personal Care,Dettol Original Soap (B4G1),26000,5,6,24700,625,0,625,1300,39.52,Available
Personal Care,Woodward's Gripe Water,7500,0,6,7500,200,0,200,0,37.5,Available
Personal Care,"MamyPoko Pants Extra Absorb Diapers, New Born",29900,6,5,27900,28,0,28,2000,996.4285714,Available
Personal Care,Johnson's Baby Soap,7000,0,6,7000,100,0,100,0,70,Available
Personal Care,Engage M4 Perfume Spray For Men,20000,10,6,18000,120,0,120,2000,150,Available
Personal Care,Fem Fairness Naturals Hair Removal Cream Fair & Soft - Gold,6500,10,4,5800,40,0,40,700,145,Available
Personal Care,Dove Hair Fall Rescue Conditioner,19000,0,4,19000,175,0,175,0,108.5714286,Available
Personal Care,Himalaya Anti Hair Fall Shampoo,13000,12,2,11400,200,0,200,1600,57,Available
Personal Care,Fiama Peach & Avocado Gel Bar,17600,10,3,15800,375,0,375,1800,42.13333333,Available
Personal Care,Pears Pure & Gentle Value Pack Of 4 Bathing Soap ,12500,0,6,12500,75,0,75,0,166.6666667,Available
Personal Care,Fiama Fresh Hand Wash,15000,6,3,14000,400,0,400,1000,35,Available
Personal Care,Palmolive Black Orchid And Milk Liquid Hand Wash,9900,10,6,8900,250,0,250,1000,35.6,Available
Personal Care,Oral-B Criss Cross Medium Toothbrush (Buy 2 Get 2 Free),16000,0,5,16000,232,0,4,0,68.96551724,Available
Personal Care,Gillette Mach 3 Turbo Razor,34900,6,5,32500,58,0,1,2400,560.3448276,Available
Personal Care,Himalaya Baby Lotion,16500,12,3,14500,200,0,200,2000,72.5,Available
Personal Care,Head & Shoulders 2-in-1 Cool Menthol Anti Dandruff Shampoo + Conditioner,37500,0,1,37500,340,0,180,0,110.2941176,Available
Personal Care,Sunsilk Lusciously Thick & Long Shampoo,24900,6,6,23400,340,0,340,1500,68.82352941,Available
Personal Care,Fiama Di Wills Men's Refreshing Pulse Shower Gel,22500,4,3,21400,250,0,250,1100,85.6,Available
Personal Care,Sebamed Anti - Dandruff Shampoo,60000,10,2,54000,200,0,200,6000,270,Available
Personal Care,Listerine Cool Mint Mouthwash - Mild Taste,15000,10,6,13500,250,0,250,1500,54,Available
Personal Care,"L'Oreal Paris Excellence Creme Hair Color, 4.25 Aishwarya's Brown",62000,0,6,62000,172,0,172,0,360.4651163,Available
Personal Care,Himalaya Gentle Baby Bath,16500,9,6,15000,200,0,200,1500,75,Available
Personal Care,"L'Oreal Paris Casting Creme Gloss Hair Color, Medium Brown 500",55000,0,4,55000,160,0,159,0,343.75,Available
Personal Care,L'Oreal Paris Color Protect Shampoo,28200,0,3,28200,360,0,360,0,78.33333333,Available
Personal Care,Fiama Di Wills Lemongrass & Jojoba Gel Bar,17600,10,6,15800,375,0,375,1800,42.13333333,Available
Personal Care,Colgate Plax Peppermint Mouthwash,15000,20,5,12000,250,0,250,3000,48,Available
Personal Care,Dove Daily Shine Conditioner,9000,10,1,8100,80,0,80,900,101.25,Available
Personal Care,Patanjali Kesh Kanti Anti Dandruff Hair Cleanser,11000,0,6,11000,200,0,200,0,55,Available
Personal Care,Old Spice Original After Shave Lotion,25000,0,1,25000,150,0,150,0,166.6666667,Available
Personal Care,Dettol Clinical Strength Hand Sanitizer Liquid,25000,10,6,22500,500,0,500,2500,45,Available
Personal Care,Nivea Soft Light Moisturizer for Face Hand & Body Non-Sticky Cream with Vitamin E & Jojoba Oil,39900,20,3,31900,300,0,300,8000,106.3333333,Available
Personal Care,Comfy Baby Pants XL 12-17 kg,42900,15,1,36400,24,0,24,6500,1516.666667,Available
Personal Care,Dettol Liquid Handwash With Free Liquid,9900,0,6,9900,200,0,200,0,49.5,Available
Personal Care,Nivea Body Milk Lotion for Very Dry Skin,39900,20,6,31900,400,0,400,8000,79.75,Available
Personal Care,Lakme Sun Expert,22500,0,6,22500,60,0,60,0,375,Available
Personal Care,Head & shoulders Anti Dandruff Shampoo Cool Menthol,17000,0,6,17000,180,0,180,0,94.44444444,Available
Personal Care,Godrej Nupur Henna,7500,0,5,7500,150,0,120,0,50,Available
Personal Care,Johnson's Baby Lotion,10000,0,4,10000,100,0,100,0,100,Available
Personal Care,Stayfree Dry-Max All Night Ultra-Dry Sanitary Pad,9000,10,6,8100,406,0,7,900,19.95073892,Available
Personal Care,Dove Daily Shine Shampoo,64500,5,3,61200,650,0,650,3300,94.15384615,Available
Personal Care,Godrej Easy 5 Minute Natural Brown 4 Hair Colour,2900,0,5,2900,20,0,20,0,145,Available
Personal Care,Colgate Sensitive Plus Enamel Toothpaste Tube,14000,0,6,14000,160,0,160,0,87.5,Available
Personal Care,Colgate Max Fresh Peppermint Toothpaste ,18200,15,6,15400,300,0,300,2800,51.33333333,Available
Personal Care,Pond's Light Moisturiser,30900,10,6,27800,250,0,250,3100,111.2,Available
Personal Care,Engage Mate For Man Deo Spray,19500,10,5,17400,150,0,150,2100,116,Available
Personal Care,Pantene Advanced Hair Fall Solution Shampoo - Total Damage Care,12000,0,5,12000,180,0,180,0,66.66666667,Available
Personal Care,Whisper Choice Regular Wing Sanitary Pad,3000,0,2,3000,406,0,7,0,7.389162562,Available
Personal Care,Colgate Slim Soft Charcoal Toothbrush,15000,18,4,12300,232,0,4,2700,53.01724138,Available
Personal Care,Fiama Scents Juniper & Geranium Body Wash,19900,6,5,18600,250,0,250,1300,74.4,Available
Personal Care,Mamaearth Ubtan Body Lotion,39900,15,4,33900,400,0,400,6000,84.75,Available
Personal Care,Godrej Aer Power Pocket - Long Lasting Bathroom Fragrance Floral Delight,5500,0,6,5500,10,0,10,0,550,Available
Personal Care,Himalaya Anti-Hair Fall Shampoo,23000,18,1,18800,400,0,400,4200,47,Available
Personal Care,Engage M2 Perfume Spray For Men,20000,10,6,18000,120,0,120,2000,150,Available
Personal Care,Mamaearth Ubtan Face Scrub Turmeric & Walnut,34900,10,1,31400,100,0,100,3500,314,Available
Personal Care,Himalaya Purifying Neem Face Wash Tube,27000,15,6,22900,300,0,300,4100,76.33333333,Available
Personal Care,Johnson's Baby Top To Toe Bath Body Wash,16500,0,4,16500,210,0,210,0,78.57142857,Available
Personal Care,Gillette Mach 3 Start,24900,0,6,24900,116,0,2,0,214.6551724,Available
Personal Care,Scalpe Pro Anti dandruff Shampoo 100ml,18500,0,2,18500,100,0,100,0,185,Available
Personal Care,Johnson's Baby Cream,15000,0,6,15000,100,0,100,0,150,Available
Personal Care,Himalaya Gentle Baby Shampoo,32000,17,6,26500,400,0,400,5500,66.25,Available
Personal Care,L'Oreal Paris Shine Masque Royal Jelly Hair Colour,55000,0,3,55000,88,0,87,0,625,Available
Personal Care,Engage Rush Deodorant For Men,19000,11,6,16900,150,0,150,2100,112.6666667,Available
Personal Care,Clean & Clear Foaming Face Wash,14000,10,4,12600,100,0,100,1400,126,Available
Personal Care,Dettol Lather Shaving Cream,7500,5,6,7100,78,0,78,400,91.02564103,Available
Personal Care,Gillette Classic Regular Pre Shave Foam,19900,0,4,19900,196,0,196,0,101.5306122,Available
Personal Care,Johnson's Baby Shampoo,18000,0,6,18000,200,0,200,0,90,Available
Personal Care,Park Avenue Beer Shampoo ,15500,9,4,14000,180,0,180,1500,77.77777778,Available
Personal Care,Pantene Advanced Hair Fall Solution Silky Smooth Care Shampoo,12000,6,6,11200,180,0,180,800,62.22222222,Available
Personal Care,Fem Fairness Naturals Hair Removal Cream Fair & Soft - Rose,6500,10,6,5800,40,0,40,700,145,Available
Personal Care,Sunsilk Stunning Black Shine Shampoo,55500,6,6,52100,650,0,650,3400,80.15384615,Available
Personal Care,Patanjali Kesh Kanti Reetha Hair Cleanser,8500,0,5,8500,200,0,200,0,42.5,Available
Personal Care,Nivea Lip Balm Soft Rose for 24h Moisture with Natural Oils Delicate Rose Shine,18500,8,6,16900,5,0,4,1600,3380,Available
Personal Care,Santoor Total Skin Care Soap With Sandal & Turmeric,18000,0,6,18000,600,0,600,0,30,Available
Personal Care,"L'Oreal Paris Excellence Creme Hair Color, 4 Natural Brown/Natural Dark Brown",62000,0,1,62000,172,0,172,0,360.4651163,Available
Personal Care,Gillette Pre Shave Foam - Classic Regular Skin,22500,0,6,22500,418,0,418,0,53.8277512,Available
Personal Care,Fiama Di Wills Shower Gel Patchouli & Macadamia,19900,10,6,17900,250,0,250,2000,71.6,Available
Personal Care,Listerine Fresh Burst Mouthwash,14000,10,4,12600,250,0,250,1400,50.4,Available
Personal Care,Nivea Cocoa Nourish Body Lotion With Coconut Oil & Cocoa Butter For Very Dry Skin ,29900,17,5,24700,200,0,200,5200,123.5,Available
Personal Care,Pantene Hair Fall Control Shampoo,24000,7,2,22100,340,0,340,1900,65,Available
Personal Care,Fogg Master - Royal Intense,25000,0,5,25000,120,0,120,0,208.3333333,Available
Personal Care,TRESemme Smooth And Shine Conditioner,22000,0,5,22000,190,0,190,0,115.7894737,Available
Personal Care,"Colgate Kids Toothpaste - 6+ Years, Strawberry Flavour",9300,5,6,8800,80,0,80,500,110,Available
Personal Care,Nivea Soft Moisturizing Cream,31000,12,1,27200,200,0,200,3800,136,Available
Personal Care,Patanjali Kesh Kanti Aloe Vera Hair Cleanser,8500,0,5,8500,200,0,200,0,42.5,Available
Personal Care,Neutrogena Deep Clean Foaming Cleanser,13000,11,2,11500,50,0,50,1500,230,Available
Personal Care,Clean & Clear Morning Energy Berry Face Wash,15500,6,6,14500,100,0,100,1000,145,Available
Personal Care,Pampers Premium Care New Baby Pants,32000,0,4,32000,24,0,24,0,1333.333333,Available
Personal Care,Vaseline Intensive Care Aloe Fresh,22500,9,6,20300,200,0,200,2200,101.5,Available
Personal Care,L'Oreal Paris Dream Lengths Shampoo,14900,0,6,14900,192,0,192,0,77.60416667,Available
Personal Care,Johnson's Baby Oil,11500,0,4,11500,100,0,100,0,115,Available
Personal Care,Engage Man Rush Deodorant,19500,9,6,17600,150,0,150,1900,117.3333333,Available
Personal Care,Whisper Daily Liners Clean and Fresh,10500,0,4,10500,1160,0,20,0,9.051724138,Available
Personal Care,Himalaya Men Pimple Clear Neem Face Wash,18000,9,2,16300,100,0,100,1700,163,Available
Personal Care,Pantene Adv Hairfall Solution Conditioner Silky Smooth,19000,0,5,19000,200,0,200,0,95,Available
Personal Care,Himalaya Prickly Heat Baby Powder,9000,10,6,8100,100,0,100,900,81,Available
Personal Care,Mamaearth Daily Moisturizing Lotion For Babies,19900,0,6,19900,200,0,200,0,99.5,Available
Personal Care,Stayfree Advanced XL Ultra Comfort Sanitary napkins with Wings,17500,0,3,17500,812,0,14,0,21.55172414,Available
Personal Care,Pampers Premium Care Pants - Medium,109900,18,6,89900,54,0,54,20000,1664.814815,Available
Personal Care,Vaseline Original Skin Protecting Jelly,12500,10,6,11200,100,0,100,1300,112,Available
Personal Care,Fiama Lemongrass and Jojoba Shower Gel,22500,20,6,18000,250,0,250,4500,72,Available
Personal Care,Oral-B Charcoal Cross Cross Extra Soft Toothbrush (Buy 2 Get 1 Free),18000,0,1,18000,174,0,3,0,103.4482759,Available
Personal Care,Veet Full Body Waxing Kit,23500,7,6,21800,1160,0,20,1700,18.79310345,Available
Personal Care,Listerine Original Mouthwash,5500,9,6,5000,80,0,80,500,62.5,Available
Personal Care,Santoor Almond Soft With Sandal & Almond Milk,18000,0,2,18000,625,0,625,0,28.8,Available
Personal Care,Nivea Body Shea Smooth with Shea Butter for Dry Skin,42500,20,5,34000,400,0,9,8500,85,Available
Personal Care,Neutrogena Deep Clean Facial Cleanser,13000,0,4,13000,50,0,50,0,260,Available
Personal Care,"L'Oreal Paris Excellence Creme Hair Color, 3.16 Burgundy",55000,0,3,55000,159,0,172,0,345.9119497,Available
Personal Care,Bombay Shaving Company Charcoal Face Wash,24900,0,4,24900,100,0,100,0,249,Available
Personal Care,Colgate Kids 2+ Years Extra Soft Toothbrush,2000,0,3,2000,58,0,1,0,34.48275862,Available
Personal Care,Veet Hair Removal Cream (Normal Skin),13500,5,6,12800,50,0,50,700,256,Available
Personal Care,L'Oreal Anti Hair Fall Conditioner,19900,0,6,19900,192,0,192,0,103.6458333,Available
Personal Care,Nivea Body Lotion Aloe Hydration For Normal Skin ,27500,10,6,24700,200,0,200,2800,123.5,Available
Personal Care,Pampers Pants - Large,154900,45,3,84900,82,0,82,70000,1035.365854,Available
Personal Care,"Engage Urge Deodorant For Men, Citrus And Woody, Skin Friendly",19500,10,6,17400,150,0,150,2100,116,Available
Personal Care,Head & Shoulders 2 In 1 Anti Dandruff Smooth & Silky Shampoo+Conditioner,37500,10,6,33400,340,0,340,4100,98.23529412,Available
Personal Care,Fem Fairness Natural Gold Skin Bleach,8500,7,4,7900,64,0,64,600,123.4375,Available
Personal Care,Engage Deo Frost,19500,9,6,17600,150,0,150,1900,117.3333333,Available
Personal Care,Stayfree Secure XL Size Sanitary Napkins,11500,0,5,11500,1160,0,20,0,9.913793103,Available
Personal Care,Pampers Pants - Medium,69900,21,1,54900,50,0,50,15000,1098,Available
Personal Care,Pampers Active Baby Diapers New Born Extra Small ,109900,22,3,84900,72,0,72,25000,1179.166667,Available
Personal Care,"Nivea Creme, All Season Multi-Purpose Cream",17500,9,6,15800,100,0,100,1700,158,Available
Personal Care,Woodwards Gripe Water ,5000,0,4,5000,130,0,130,0,38.46153846,Available
Personal Care,Clean & Clear Morning Energy Aqua Splash Face Wash,14500,9,5,13100,100,0,100,1400,131,Available
Personal Care,Mamaearth Skin Correct Face Serum,59900,15,1,50900,30,0,30,9000,1696.666667,Available
Personal Care,Chik Hairfall Prevent Egg Shampoo,17800,0,6,17800,340,0,340,0,52.35294118,Available
Personal Care,Pantene Silky Smooth Care Shampoo,22500,6,3,21000,340,0,340,1500,61.76470588,Available
Personal Care,"Garnier Skin Naturals, Micellar Cleansing Water",19900,5,4,18900,125,0,125,1000,151.2,Available
Personal Care,Set Wet Swag Avatar Deodorant & Body Spray Perfume For Men,19900,0,1,19900,150,0,150,0,132.6666667,Available
Personal Care,Pampers All Round Protection Pants - Medium,69900,17,6,57500,50,0,50,12400,1150,Available
Personal Care,Set Wet Deodrant Charm Avatar,19900,0,1,19900,150,0,150,0,132.6666667,Available
Personal Care,Nupur Heena Mehandi,19900,0,6,19900,500,0,500,0,39.8,Available
Personal Care,Head & Shoulders 2-in-1 Active Protect Shampoo,37500,9,6,33800,340,0,340,3700,99.41176471,Available
Personal Care,Gillette Mach 3 Turbo Cartridges,64900,10,6,57800,232,0,4,7100,249.137931,Available
Personal Care,Bombay Shaving Company Sensitive Cartridges,37500,0,2,37500,116,0,2,0,323.2758621,Available
Personal Care,Old Spice Lime Lather Shaving Cream,7500,0,6,7500,70,0,70,0,107.1428571,Available
Personal Care,Colgate Sensitive Plus Anticavity Toothpaste ,14000,10,6,12600,70,0,70,1400,180,Available
Personal Care,Colgate Toothpaste For Kids Motu Oatlu,9300,0,6,9300,80,0,80,0,116.25,Available
Personal Care,Pantene Total Damage Care Shampoo,12000,0,6,12000,180,0,180,0,66.66666667,Available
Personal Care,Himalaya Moisturising Aloe Vera Facial Wipes,10000,10,6,9000,25,0,25,1000,360,Available
Personal Care,Pampers Active Baby Diapers New Born Extra Small,36000,10,6,32400,24,0,24,3600,1350,Available
Personal Care,Vaseline Intensive Care Deep Moisture Body Lotion,32500,0,4,32500,400,0,400,0,81.25,Available
Personal Care,L'Oreal Paris Dream Lengths Conditioner,19900,0,1,19900,193,0,193,0,103.1088083,Available
Personal Care,Nivea Soft Light Moisturizing Cream,18500,15,6,15700,100,0,100,2800,157,Available
Personal Care,Palmolive Feel The Massage Shower Gel,24900,20,6,19900,250,0,250,5000,79.6,Available
Personal Care,Mamaearth Moisturizing Baby Bath Soap,24900,0,4,24900,150,0,150,0,166,Available
Personal Care,Dove Dryness Care Shampoo,26800,5,1,25200,340,0,340,1600,74.11764706,Available
Personal Care,Head & Shoulders Anti Dandruff Shampoo Cool Menthol,29500,9,6,26600,340,0,340,2900,78.23529412,Available
Personal Care,Bombay Shaving Company Defender Razor,34500,0,6,34500,58,0,1,0,594.8275862,Available
Personal Care,"Head & Shoulders Shampoo + Conditioner - 2-In-1, Cool Menthol",36500,0,1,36500,340,0,340,0,107.3529412,Available
Personal Care,Himalaya Baby Nourishing Massage Oil,20000,20,2,16000,200,0,250,4000,80,Available
Personal Care,Fogg Paradise Fragrant Body Spray For Women ,25000,0,6,25000,150,0,150,0,166.6666667,Available
Personal Care,Revive Revive Liquid,7100,0,6,7100,200,0,200,0,35.5,Available
Personal Care,Pantene Hairfall Control Conditioner,19000,6,6,17800,200,0,200,1200,89,Available
Personal Care,Mamaearth Vitamin C Face Toner,39900,0,1,39900,200,0,200,0,199.5,Available
Personal Care,Himalaya Diaper Rash Cream,8000,10,2,7200,20,0,20,800,360,Available
Personal Care,Fogg Royal Fragrance Spray,23000,0,4,23000,150,0,120,0,153.3333333,Available
Personal Care,Dove Pink Rosa Beauty Bathing Bar,24500,9,6,22100,100,0,100,2400,221,Available
Personal Care,Dove Dryness Care Conditioner Frizzy & Dry Hair,9000,6,4,8400,80,0,80,600,105,Available
Personal Care,Dettol Original Liquid Handwash Refill,10900,3,0,10500,750,1,750,400,14,out of stock
Personal Care,Parachute 100% Pure Coconut Oil,12300,0,0,12300,300,1,300,0,41,out of stock
Personal Care,Stayfree Secure Cottony Soft Cover Sanitary Pad (Regular) with Wings,3000,3,0,2900,406,1,7,100,7.142857143,out of stock
Personal Care,Dabur Gulabari Premium Rose Water,4800,2,0,4700,120,1,120,100,39.16666667,out of stock
Personal Care,Parachute Advansed Gold Coconut Hair Oil,21500,9,0,19400,400,1,400,2100,48.5,out of stock
Personal Care,Sensodyne Sensitive Fresh Gel Toothpaste,11500,7,0,10600,75,1,75,900,141.3333333,out of stock
Personal Care,Whisper Bindazzz Nights XL + Sanitary Pad,9000,0,0,9000,406,1,7,0,22.16748768,out of stock
Personal Care,Whisper Choice Sanitary Pad ,3200,9,0,2900,406,1,7,300,7.142857143,out of stock
Personal Care,"Godrej No.1 Bathing Soap, Jasmine",8400,0,0,8400,400,1,100,0,21,out of stock
Personal Care,Gillette Venus Close & Clean Razor ,24900,7,0,23000,58,1,1,1900,396.5517241,out of stock
Personal Care,Stayfree Secure Dry Cover Extra Large Sanitary Pad,4200,2,0,4100,406,1,7,100,10.09852217,out of stock
Personal Care,Oxylife Natural Radiance 5 Creme Bleach - With Active Oxygen,8200,9,0,7400,27,1,27,800,274.0740741,out of stock
Personal Care,Clean & Clear Morning Energy Lemon Face Wash,14500,9,0,13100,100,1,100,1400,131,out of stock
Personal Care,Bajaj Almond Drops Hair Oil,6700,10,0,6000,100,1,100,700,60,out of stock
Personal Care,Bajaj Almond Drops Hair Oil Bottle,13000,7,0,12000,200,1,200,1000,60,out of stock
Personal Care,Whisper Bindazzz Night Sanitary Pads XL Plus,18500,0,0,18500,870,1,15,0,21.26436782,out of stock
Personal Care,Godrej Cinthol Lime Refreshing Deo Soap,11600,0,0,11600,400,1,400,0,29,out of stock
Personal Care,"MamyPoko Pants Standard Diapers, Extra Large (12 - 17 kg)",39900,7,0,36900,26,1,26,3000,1419.230769,out of stock
Paan Corner,Clove Sensitive Toothpaste with Anti-Sensitivity & Fluoride Formulation,16000,35,3,10400,80,0,80,5600,130,Available
Paan Corner,Dettol Original Germ Protection Alcohol Based Hand Sanitizer,2500,0,6,2500,50,0,50,0,50,Available
Paan Corner,Colgate Visible White Toothpaste,11500,10,6,10300,100,0,100,1200,103,Available
Paan Corner,Dettol SKincare Handwash Value Refill,10900,3,6,10500,750,0,750,400,14,Available
Paan Corner,Savlon Herbal Sensitive Liquid Handwash Refill Pouch,11500,4,6,11000,750,0,500,500,14.66666667,Available
Paan Corner,Colgate Total 12 Whole Mouth Protection Toothpaste,12000,10,6,10800,120,0,120,1200,90,Available
Paan Corner,Lux International Creamy White Soap Bar,3500,2,6,3400,75,0,75,100,45.33333333,Available
Paan Corner,Colgate Herbal Toothpaste,11400,18,2,9300,200,0,200,2100,46.5,Available
Paan Corner,Nivea Men Deodorant Fresh Active 48h Long lasting Freshness,22500,24,6,16900,150,0,150,5600,112.6666667,Available
Paan Corner,Dabur Meswak Toothpaste,5800,5,6,5500,100,0,100,300,55,Available
Paan Corner,Colgate Max Fresh Cooling Crystals Toothpaste,10100,5,2,9500,150,0,150,600,63.33333333,Available
Paan Corner,Indulekha Bhringa Hair Oil,43200,15,6,36700,100,0,100,6500,367,Available
Paan Corner,Colgate Sensitive Soft Bristles Toothbrush,5000,0,6,5000,58,0,1,0,86.20689655,Available
Paan Corner,Pears Pure & Gentle Glycerin Bath Soap,7500,0,6,7500,125,0,125,0,60,Available
Paan Corner,Vaseline Skin Protecting Jelly,7900,13,6,6800,50,0,50,1100,136,Available
Paan Corner,Dettol Original Germ Protection Bathing Soap Bar,16600,5,4,15700,375,0,375,900,41.86666667,Available
Paan Corner,Dettol Intense Cool Soap (B4G1),26000,5,6,24700,625,0,625,1300,39.52,Available
Paan Corner,Livon Anti-Frizz Serum,25000,10,3,22500,100,0,100,2500,225,Available
Paan Corner,Lifebuoy Germ Protection Care Soap Bar,3000,3,3,2900,100,0,125,100,29,Available
Paan Corner,Godrej Nupur â€“ 100% Pure Henna (Mehendi),1000,0,6,1000,18,0,18,0,55.55555556,Available
Paan Corner,Glow & Lovely Advanced Multivitamin Face Cream,21300,10,6,19000,110,0,110,2300,172.7272727,Available
Paan Corner,Set Wet Style Vertical Hold Hair Gel,5000,10,4,4500,50,0,50,500,90,Available
Paan Corner,"Godrej Expert Rich CrÃ¨me, Natural Black",3000,0,6,3000,20,0,20,0,150,Available
Paan Corner,Nycil Germ Expert Cool Herbal Talc,13000,8,1,11900,150,0,200,1100,79.33333333,Available
Paan Corner,Godrej Expert Creme Hair Natural Brown Colour ,3000,0,6,3000,20,0,20,0,150,Available
Paan Corner,Veet Sensitive Skin Hair Removal Cream,13500,5,6,12800,50,0,50,700,256,Available
Paan Corner,Closeup Everfresh+ Anti-Germ Gel Toothpaste Red Hot,5000,2,1,4900,80,0,80,100,61.25,Available
Paan Corner,Pears Pure And Gentle Value Pack Of 3 Bathing Soap,19900,6,5,18600,375,0,375,1300,49.6,Available
Paan Corner,Gillette Presto Ready Shaver 5 Cartridges ,8800,6,6,8200,290,0,5,600,28.27586207,Available
Paan Corner,"Godrej Expert Rich CrÃ¨me, Dark Brown",3000,0,4,3000,20,0,20,0,150,Available
Paan Corner,Nivea Soft Light Moisturizer for Face Hand & Body Non-Sticky Cream with Vitamin E & Jojoba Oil ,18500,15,3,15700,100,0,100,2800,157,Available
Paan Corner,Fiama Gel Bar Celebration Pack Buy 4 Get 1 Free,29000,10,6,26100,625,0,625,2900,41.76,Available
Paan Corner,Gillette Sensitive Shaving Foam,22500,6,4,21000,418,0,418,1500,50.23923445,Available
Paan Corner,Dove Hair Fall Rescue Shampoo,15000,6,5,14100,180,0,180,900,78.33333333,Available
Paan Corner,Gillette Mach 3 Mens Razor Blades,49900,7,4,46000,232,0,4,3900,198.2758621,Available
Paan Corner,Palmolive Aroma Absolute Relax Shower Gel,19900,20,2,15900,250,0,250,4000,63.6,Available
Paan Corner,Godrej Protekt Germ Fighter Handwash,9900,0,6,9900,750,0,750,0,13.2,Available
Paan Corner,Dettol Hand Sanitizer,10000,5,6,9500,200,0,200,500,47.5,Available
Paan Corner,Dabur Amla Hair Oil,8800,0,2,8800,180,0,180,0,48.88888889,Available
Paan Corner,Dettol Original Liquid Handwash,8900,4,6,8500,200,0,200,400,42.5,Available
Paan Corner,L'Oreal Paris Total Repair 5 Conditioner,19900,0,6,19900,192,0,180,0,103.6458333,Available
Paan Corner,Patanjali Saundarya Aloe Vera Gel,9000,0,5,9000,150,0,150,0,60,Available
Paan Corner,Head & Shoulders 2 In 1 Anti Dandruff Shampoo Conditioner ,19500,10,4,17400,180,0,180,2100,96.66666667,Available
Paan Corner,Clean & Clear Pimple Clearing Face Wash,13000,10,2,11700,80,0,80,1300,146.25,Available
Paan Corner,Himalaya Anti Dandruff Shampoo,14000,8,2,12800,200,0,200,1200,64,Available
Paan Corner,Stayfree Secure Dry Cover Regular Sanitary Pad With Wings,3000,3,6,2900,406,0,7,100,7.142857143,Available
Paan Corner,Savlon Moisture Shield Hand Wash,9900,4,6,9500,750,0,750,400,12.66666667,Available
Paan Corner,Dove Intense Repair Conditioner,19000,14,6,16200,175,0,80,2800,92.57142857,Available
Paan Corner,Dabur Gulabari Rose Glow Face Cleanse,7500,5,4,7100,100,0,100,400,71,Available
Paan Corner,Parachute Jasmine Hair Oil,8200,9,6,7400,190,0,190,800,38.94736842,Available
Paan Corner,Johnson's Baby Skincare Wipes,7900,6,6,7400,1160,0,20,500,6.379310345,Available
Paan Corner,Dettol Skincare Liquid Hand Wash,7900,0,6,7900,200,0,200,0,39.5,Available
Paan Corner,Old Spice Original Lather Shaving Cream,7500,9,6,6800,70,0,70,700,97.14285714,Available
Paan Corner,Veet Hair Removal Cream Dry Skin,13500,5,5,12800,50,0,50,700,256,Available
Paan Corner,L'Oreal Paris Total Repair 5 Shampoo,26500,0,2,26500,396,0,360,0,66.91919192,Available
Paan Corner,Fiama Menthol & Magnolia Cooling Gel Bar Soap,16000,11,6,14100,375,0,375,1900,37.6,Available
Paan Corner,Nivea Lip Balm Original Care for 24h Moisture with Shea Butter & Natural Oils,14000,15,6,11900,5,0,4,2100,2380,Available
Paan Corner,Oral-B Charcoal Deep Clean Stain Removal Toothbrush Soft,9900,0,3,9900,232,0,4,0,42.67241379,Available
Paan Corner,Neutrogena Ultra Sheer Dry Touch SPF 50+ Sunblock Sunscreen Lotion,25000,10,3,22500,30,0,30,2500,750,Available
Paan Corner,Clinic Plus Strong & Long Health Shampoo,49900,10,3,44900,650,0,650,5000,69.07692308,Available
Paan Corner,Johnson's Baby No More Tears Baby Shampoo,9800,0,5,9800,100,0,100,0,98,Available
Paan Corner,Colgate Zig Zag Toothbrush,12000,0,3,12000,348,0,6,0,34.48275862,Available
Paan Corner,Savlon Moisture Shield Germ Protection Handwash Refill (Buy 1 Get 1 Free),18900,0,6,18900,1500,0,1500,0,12.6,Available
Paan Corner,Colgate Sensitive Everyday Protection Anticavity Toothpaste,7500,0,6,7500,40,0,40,0,187.5,Available
Paan Corner,Whisper Ultra Soft XL+ Sanitary Pads,33000,2,6,32300,30,0,30,700,1076.666667,Available
Paan Corner,Garnier Colour Naturals Hair Colour - 1 Natural Black,8000,0,1,8000,60,0,60,0,133.3333333,Available
Paan Corner,Axe Pulse Men's Deodorant,21000,0,6,21000,150,0,150,0,140,Available
Paan Corner,Colgate Zigzag Charcoal Soft Bristle Toothbrush - 4 Pcs,9900,0,6,9900,232,0,4,0,42.67241379,Available
Paan Corner,Whisper Ultra Clean Wings XL+  Pouch,44900,7,6,41500,44,0,44,3400,943.1818182,Available
Paan Corner,Whisper Choice Regular Sanitary Pads,9000,0,6,9000,1160,0,20,0,7.75862069,Available
Paan Corner,Axe Dark Temptation Men's Deodorant,21000,7,5,19400,150,0,150,1600,129.3333333,Available
Paan Corner,Head & Shoulders Anti-Dandruff Smooth & Silky Shampoo,15000,0,4,15000,180,0,180,0,83.33333333,Available
Paan Corner,Clinic Plus Strength & Shine Shampoo With Egg Protein ,10500,0,2,10500,175,0,175,0,60,Available
Paan Corner,Engage M1 Perfume Spray for Men ,21000,7,6,19400,120,0,120,1600,161.6666667,Available
Paan Corner,Tresemme Keratin Smooth Conditioner,38000,0,3,38000,340,0,340,0,111.7647059,Available
Paan Corner,"Garnier Color Naturals CrÃ¨me Hair Color, Shade 5 Light Brown",18000,0,1,18000,100,0,100,0,180,Available
Paan Corner,Origami Aloe Vera Wipes,7500,13,4,6500,25,0,25,1000,260,Available
Paan Corner,"Engage Drizzle Deodorant For Women, Floral And Lavender, Skin Friendly",19500,10,6,17400,150,0,150,2100,116,Available
Paan Corner,Gellette Presto Ready Shaver,2000,0,1,2000,58,0,1,0,34.48275862,Available
Paan Corner,Colgate Max Fresh Plax Mouthwash - Fresh Mint,15000,20,5,12000,250,0,250,3000,48,Available
Paan Corner,Colgate Zig Zag Charcoal Medium Toothbrush 4 Pcs,9900,0,6,9900,232,0,4,0,42.67241379,Available
Paan Corner,Godrej Protekt,9900,0,3,9900,750,0,750,0,13.2,Available
Paan Corner,Colgate Total Charcoal Anticavity Toothpaste,11000,10,3,9900,120,0,120,1100,82.5,Available
Paan Corner,Colgate Kids 0-2 Extra Soft Tooth Brush,3000,16,6,2500,58,0,1,500,43.10344828,Available
Paan Corner,Gillete Mach3 ,26000,10,6,23400,116,0,2,2600,201.7241379,Available
Paan Corner,Godrej Cinthol Lime Talc,5500,0,3,5500,100,0,100,0,55,Available
Paan Corner,Hamam Soap Bar Neem Tulsi and Aloe Vera,5800,0,6,5800,150,0,150,0,38.66666667,Available
Paan Corner,"Godrej Expert Rich CrÃ¨me, Burgundy",3300,0,6,3300,20,0,20,0,165,Available
Paan Corner,Colgate Gentle Sensitive+ Toothbrush Pack Of 4,12000,10,4,10800,232,0,4,1200,46.55172414,Available
Paan Corner,Nivea Creme All Season Multi-Purpose Cream ,17500,10,4,15700,100,0,100,1800,157,Available
Paan Corner,Oral-B Charcoal Deep Clean Stain Removal Toothbrush Medium,9900,0,1,9900,232,0,4,0,42.67241379,Available
Paan Corner,Mamaearth 100% Natural Berry Blast Kids Toothpaste,14900,10,4,13400,50,0,50,1500,268,Available
Paan Corner,HImalaya Gentle Baby Wipes,20000,10,3,18000,72,0,72,2000,250,Available
Paan Corner,Stayfree Dry Max All Night XL Dry Cover Sanitary Pads,34000,12,6,29800,28,0,28,4200,1064.285714,Available
Paan Corner,"L'Oreal Paris Excellence Creme Hair Color, 1 Black",62000,0,1,62000,172,0,172,0,360.4651163,Available
Paan Corner,Fem Fairness Naturals Saffron Skin Bleach,8500,15,4,7200,64,0,64,1300,112.5,Available
Paan Corner,Engage Woman Blush Body Deo Spray,19500,10,5,17400,150,0,150,2100,116,Available
Paan Corner,Dove Pink Rosa Beauty Bathinhg Bar,6000,0,6,6000,100,0,100,0,60,Available
Paan Corner,Sebamed Cleansing Bar,9900,10,4,8900,100,0,100,1000,89,Available
Paan Corner,Pampers Premium Care Pants - Large,109900,18,2,89900,44,0,44,20000,2043.181818,Available
Paan Corner,Nivea Women Deodorant Fresh Natural Long Lasting Freshness & 48h Protection,19900,20,2,15900,150,0,150,4000,106,Available
Paan Corner,"L'Oreal Paris Excellence Creme Hair Color, 3 Dark Brown/Natural Darkest Brown",62000,0,6,62000,172,0,172,0,360.4651163,Available
Paan Corner,Patanjali Kesh Kanti Natural Hair Cleanser,7500,9,4,6800,200,0,200,700,34,Available
Paan Corner,Godrej No.1 Bathing Soap â€“ Lime & Aloe Vera,14900,0,6,14900,600,0,600,0,24.83333333,Available
Paan Corner,Pantene Advanced Control Hair Fall Solution Shampoo,12000,6,5,11200,180,0,180,800,62.22222222,Available
Paan Corner,Veet Full Body Waxing Kit For Dry Skin,23500,7,6,21800,1160,0,20,1700,18.79310345,Available
Paan Corner,Gillette Lemon Lime Shaving Foam,19900,11,4,17700,196,0,196,2200,90.30612245,Available
Paan Corner,Old Spice After Shave Lotion Musk,21500,6,3,20000,100,0,100,1500,200,Available
Paan Corner,Whisper Ultra Soft Air Fresh Sanitary Pads (XL) with Wings,31500,0,4,31500,30,0,30,0,1050,Available
Paan Corner,Himalaya Baby Powder,8000,8,4,7300,100,0,100,700,73,Available
Paan Corner,Fiama Men's Refreshing Pulse Shower Gel,22500,20,4,18000,250,0,250,4500,72,Available
Paan Corner,Whisper Ultra Clean XL Plus Sanitary Pad,17500,0,5,17500,870,0,15,0,20.11494253,Available
Paan Corner,Johnson's Baby Powder,14300,0,6,14300,200,0,200,0,71.5,Available
Paan Corner,Dove Cream Beauty Bathing Bar,23500,9,6,21200,125,0,125,2300,169.6,Available
Paan Corner,Patanjali Kesh Kanti Shikakai Hair Cleanser,9500,0,4,9500,200,0,200,0,47.5,Available
Paan Corner,L'Oreal Paris Color Protect Conditioner,19900,0,3,19900,192,0,192,0,103.6458333,Available
Paan Corner,Nivea Men Active Clean with Active Charcoal Shower Gel for Body Face & Hair,19900,4,5,19100,250,0,250,800,76.4,Available
Paan Corner,L'Oreal 6 Oil Nourish Conditioner,13500,0,1,13500,192,0,192,0,70.3125,Available
Paan Corner,Godrej Easy Natural Black Hair Colour,2500,0,5,2500,20,0,20,0,125,Available
Paan Corner,Dabur Gulabari Rose Water Daily Glow,8000,6,2,7500,250,0,250,500,30,Available
Paan Corner,Himalaya Purifying Neem Face Wash,17000,10,6,15300,150,0,150,1700,102,Available
Paan Corner,Fem Fairness Naturals Gold Skin Bleach,6500,9,3,5900,24,0,24,600,245.8333333,Available
Paan Corner,Whisper Choice Ultra XL Sanitary Pad,13300,2,5,13000,1160,0,20,300,11.20689655,Available
Paan Corner,Dove Dandruff Care Shampoo,15800,6,5,14700,180,0,180,1100,81.66666667,Available
Paan Corner,Head & Shoulders Anti Dandruff Anti Hairfall Shampoo,28500,0,5,28500,340,0,240,0,83.82352941,Available
Paan Corner,L'Oreal Casting Creme Ebony Black Hair Color,55000,0,6,55000,159,0,87,0,345.9119497,Available
Paan Corner,Mamaearth Onion Hair Oil,39900,10,6,35900,150,0,150,4000,239.3333333,Available
Paan Corner,L'Oreal Paris Casting Creme Gloss Hair Color (Dark Brown 400),55000,0,4,55000,159,0,159,0,345.9119497,Available
Paan Corner,Palmolive Naturals Sea Minerals Liquid Hand Wash,9900,10,6,8900,250,0,250,1000,35.6,Available
Paan Corner,Oral-B Extra Soft Bristles Sensitive ,9800,0,4,9800,232,0,4,0,42.24137931,Available
Paan Corner,Engage M3 Perfume Spray for Men,20000,10,3,18000,120,0,120,2000,150,Available
Paan Corner,Mamaearth Deeply Nourishing wash for Babies,19900,0,4,19900,200,0,200,0,99.5,Available
Paan Corner,Dettol Original Soap (B4G1),26000,5,6,24700,625,0,625,1300,39.52,Available
Paan Corner,Woodward's Gripe Water,7500,0,6,7500,200,0,200,0,37.5,Available
Paan Corner,"MamyPoko Pants Extra Absorb Diapers, New Born",29900,6,5,27900,28,0,28,2000,996.4285714,Available
Paan Corner,Johnson's Baby Soap,7000,0,6,7000,100,0,100,0,70,Available
Paan Corner,Engage M4 Perfume Spray For Men,20000,10,6,18000,120,0,120,2000,150,Available
Paan Corner,Fem Fairness Naturals Hair Removal Cream Fair & Soft - Gold,6500,10,4,5800,40,0,40,700,145,Available
Paan Corner,Dove Hair Fall Rescue Conditioner,19000,0,4,19000,175,0,175,0,108.5714286,Available
Paan Corner,Himalaya Anti Hair Fall Shampoo,13000,12,2,11400,200,0,200,1600,57,Available
Paan Corner,Fiama Peach & Avocado Gel Bar,17600,10,3,15800,375,0,375,1800,42.13333333,Available
Paan Corner,Pears Pure & Gentle Value Pack Of 4 Bathing Soap ,12500,0,6,12500,75,0,75,0,166.6666667,Available
Paan Corner,Fiama Fresh Hand Wash,15000,6,3,14000,400,0,400,1000,35,Available
Paan Corner,Palmolive Black Orchid And Milk Liquid Hand Wash,9900,10,6,8900,250,0,250,1000,35.6,Available
Paan Corner,Oral-B Criss Cross Medium Toothbrush (Buy 2 Get 2 Free),16000,0,5,16000,232,0,4,0,68.96551724,Available
Paan Corner,Gillette Mach 3 Turbo Razor,34900,6,5,32500,58,0,1,2400,560.3448276,Available
Paan Corner,Himalaya Baby Lotion,16500,12,3,14500,200,0,200,2000,72.5,Available
Paan Corner,Head & Shoulders 2-in-1 Cool Menthol Anti Dandruff Shampoo + Conditioner,37500,0,1,37500,340,0,180,0,110.2941176,Available
Paan Corner,Sunsilk Lusciously Thick & Long Shampoo,24900,6,6,23400,340,0,340,1500,68.82352941,Available
Paan Corner,Fiama Di Wills Men's Refreshing Pulse Shower Gel,22500,4,3,21400,250,0,250,1100,85.6,Available
Paan Corner,Sebamed Anti - Dandruff Shampoo,60000,10,2,54000,200,0,200,6000,270,Available
Paan Corner,Listerine Cool Mint Mouthwash - Mild Taste,15000,10,6,13500,250,0,250,1500,54,Available
Paan Corner,"L'Oreal Paris Excellence Creme Hair Color, 4.25 Aishwarya's Brown",62000,0,6,62000,172,0,172,0,360.4651163,Available
Paan Corner,Himalaya Gentle Baby Bath,16500,9,6,15000,200,0,200,1500,75,Available
Paan Corner,"L'Oreal Paris Casting Creme Gloss Hair Color, Medium Brown 500",55000,0,4,55000,160,0,159,0,343.75,Available
Paan Corner,L'Oreal Paris Color Protect Shampoo,28200,0,3,28200,360,0,360,0,78.33333333,Available
Paan Corner,Fiama Di Wills Lemongrass & Jojoba Gel Bar,17600,10,6,15800,375,0,375,1800,42.13333333,Available
Paan Corner,Colgate Plax Peppermint Mouthwash,15000,20,5,12000,250,0,250,3000,48,Available
Paan Corner,Dove Daily Shine Conditioner,9000,10,1,8100,80,0,80,900,101.25,Available
Paan Corner,Patanjali Kesh Kanti Anti Dandruff Hair Cleanser,11000,0,6,11000,200,0,200,0,55,Available
Paan Corner,Old Spice Original After Shave Lotion,25000,0,1,25000,150,0,150,0,166.6666667,Available
Paan Corner,Dettol Clinical Strength Hand Sanitizer Liquid,25000,10,6,22500,500,0,500,2500,45,Available
Paan Corner,Nivea Soft Light Moisturizer for Face Hand & Body Non-Sticky Cream with Vitamin E & Jojoba Oil,39900,20,3,31900,300,0,300,8000,106.3333333,Available
Paan Corner,Comfy Baby Pants XL 12-17 kg,42900,15,1,36400,24,0,24,6500,1516.666667,Available
Paan Corner,Dettol Liquid Handwash With Free Liquid,9900,0,6,9900,200,0,200,0,49.5,Available
Paan Corner,Nivea Body Milk Lotion for Very Dry Skin,39900,20,6,31900,400,0,400,8000,79.75,Available
Paan Corner,Lakme Sun Expert,22500,0,6,22500,60,0,60,0,375,Available
Paan Corner,Head & shoulders Anti Dandruff Shampoo Cool Menthol,17000,0,6,17000,180,0,180,0,94.44444444,Available
Paan Corner,Godrej Nupur Henna,7500,0,5,7500,150,0,120,0,50,Available
Paan Corner,Johnson's Baby Lotion,10000,0,4,10000,100,0,100,0,100,Available
Paan Corner,Stayfree Dry-Max All Night Ultra-Dry Sanitary Pad,9000,10,6,8100,406,0,7,900,19.95073892,Available
Paan Corner,Dove Daily Shine Shampoo,64500,5,3,61200,650,0,650,3300,94.15384615,Available
Paan Corner,Godrej Easy 5 Minute Natural Brown 4 Hair Colour,2900,0,5,2900,20,0,20,0,145,Available
Paan Corner,Colgate Sensitive Plus Enamel Toothpaste Tube,14000,0,6,14000,160,0,160,0,87.5,Available
Paan Corner,Colgate Max Fresh Peppermint Toothpaste ,18200,15,6,15400,300,0,300,2800,51.33333333,Available
Paan Corner,Pond's Light Moisturiser,30900,10,6,27800,250,0,250,3100,111.2,Available
Paan Corner,Engage Mate For Man Deo Spray,19500,10,5,17400,150,0,150,2100,116,Available
Paan Corner,Pantene Advanced Hair Fall Solution Shampoo - Total Damage Care,12000,0,5,12000,180,0,180,0,66.66666667,Available
Paan Corner,Whisper Choice Regular Wing Sanitary Pad,3000,0,2,3000,406,0,7,0,7.389162562,Available
Paan Corner,Colgate Slim Soft Charcoal Toothbrush,15000,18,4,12300,232,0,4,2700,53.01724138,Available
Paan Corner,Fiama Scents Juniper & Geranium Body Wash,19900,6,5,18600,250,0,250,1300,74.4,Available
Paan Corner,Mamaearth Ubtan Body Lotion,39900,15,4,33900,400,0,400,6000,84.75,Available
Paan Corner,Godrej Aer Power Pocket - Long Lasting Bathroom Fragrance Floral Delight,5500,0,6,5500,10,0,10,0,550,Available
Paan Corner,Himalaya Anti-Hair Fall Shampoo,23000,18,1,18800,400,0,400,4200,47,Available
Paan Corner,Engage M2 Perfume Spray For Men,20000,10,6,18000,120,0,120,2000,150,Available
Paan Corner,Mamaearth Ubtan Face Scrub Turmeric & Walnut,34900,10,1,31400,100,0,100,3500,314,Available
Paan Corner,Himalaya Purifying Neem Face Wash Tube,27000,15,6,22900,300,0,300,4100,76.33333333,Available
Paan Corner,Johnson's Baby Top To Toe Bath Body Wash,16500,0,4,16500,210,0,210,0,78.57142857,Available
Paan Corner,Gillette Mach 3 Start,24900,0,6,24900,116,0,2,0,214.6551724,Available
Paan Corner,Scalpe Pro Anti dandruff Shampoo 100ml,18500,0,2,18500,100,0,100,0,185,Available
Paan Corner,Johnson's Baby Cream,15000,0,6,15000,100,0,100,0,150,Available
Paan Corner,Himalaya Gentle Baby Shampoo,32000,17,6,26500,400,0,400,5500,66.25,Available
Paan Corner,L'Oreal Paris Shine Masque Royal Jelly Hair Colour,55000,0,3,55000,88,0,87,0,625,Available
Paan Corner,Engage Rush Deodorant For Men,19000,11,6,16900,150,0,150,2100,112.6666667,Available
Paan Corner,Clean & Clear Foaming Face Wash,14000,10,4,12600,100,0,100,1400,126,Available
Paan Corner,Dettol Lather Shaving Cream,7500,5,6,7100,78,0,78,400,91.02564103,Available
Paan Corner,Gillette Classic Regular Pre Shave Foam,19900,0,4,19900,196,0,196,0,101.5306122,Available
Paan Corner,Johnson's Baby Shampoo,18000,0,6,18000,200,0,200,0,90,Available
Paan Corner,Park Avenue Beer Shampoo ,15500,9,4,14000,180,0,180,1500,77.77777778,Available
Paan Corner,Pantene Advanced Hair Fall Solution Silky Smooth Care Shampoo,12000,6,6,11200,180,0,180,800,62.22222222,Available
Paan Corner,Fem Fairness Naturals Hair Removal Cream Fair & Soft - Rose,6500,10,6,5800,40,0,40,700,145,Available
Paan Corner,Sunsilk Stunning Black Shine Shampoo,55500,6,6,52100,650,0,650,3400,80.15384615,Available
Paan Corner,Patanjali Kesh Kanti Reetha Hair Cleanser,8500,0,5,8500,200,0,200,0,42.5,Available
Paan Corner,Nivea Lip Balm Soft Rose for 24h Moisture with Natural Oils Delicate Rose Shine,18500,8,6,16900,5,0,4,1600,3380,Available
Paan Corner,Santoor Total Skin Care Soap With Sandal & Turmeric,18000,0,6,18000,600,0,600,0,30,Available
Paan Corner,"L'Oreal Paris Excellence Creme Hair Color, 4 Natural Brown/Natural Dark Brown",62000,0,1,62000,172,0,172,0,360.4651163,Available
Paan Corner,Gillette Pre Shave Foam - Classic Regular Skin,22500,0,6,22500,418,0,418,0,53.8277512,Available
Paan Corner,Fiama Di Wills Shower Gel Patchouli & Macadamia,19900,10,6,17900,250,0,250,2000,71.6,Available
Paan Corner,Listerine Fresh Burst Mouthwash,14000,10,4,12600,250,0,250,1400,50.4,Available
Paan Corner,Nivea Cocoa Nourish Body Lotion With Coconut Oil & Cocoa Butter For Very Dry Skin ,29900,17,5,24700,200,0,200,5200,123.5,Available
Paan Corner,Pantene Hair Fall Control Shampoo,24000,7,2,22100,340,0,340,1900,65,Available
Paan Corner,Fogg Master - Royal Intense,25000,0,5,25000,120,0,120,0,208.3333333,Available
Paan Corner,TRESemme Smooth And Shine Conditioner,22000,0,5,22000,190,0,190,0,115.7894737,Available
Paan Corner,"Colgate Kids Toothpaste - 6+ Years, Strawberry Flavour",9300,5,6,8800,80,0,80,500,110,Available
Paan Corner,Nivea Soft Moisturizing Cream,31000,12,1,27200,200,0,200,3800,136,Available
Paan Corner,Patanjali Kesh Kanti Aloe Vera Hair Cleanser,8500,0,5,8500,200,0,200,0,42.5,Available
Paan Corner,Neutrogena Deep Clean Foaming Cleanser,13000,11,2,11500,50,0,50,1500,230,Available
Paan Corner,Clean & Clear Morning Energy Berry Face Wash,15500,6,6,14500,100,0,100,1000,145,Available
Paan Corner,Pampers Premium Care New Baby Pants,32000,0,4,32000,24,0,24,0,1333.333333,Available
Paan Corner,Vaseline Intensive Care Aloe Fresh,22500,9,6,20300,200,0,200,2200,101.5,Available
Paan Corner,L'Oreal Paris Dream Lengths Shampoo,14900,0,6,14900,192,0,192,0,77.60416667,Available
Paan Corner,Johnson's Baby Oil,11500,0,4,11500,100,0,100,0,115,Available
Paan Corner,Engage Man Rush Deodorant,19500,9,6,17600,150,0,150,1900,117.3333333,Available
Paan Corner,Whisper Daily Liners Clean and Fresh,10500,0,4,10500,1160,0,20,0,9.051724138,Available
Paan Corner,Himalaya Men Pimple Clear Neem Face Wash,18000,9,2,16300,100,0,100,1700,163,Available
Paan Corner,Pantene Adv Hairfall Solution Conditioner Silky Smooth,19000,0,5,19000,200,0,200,0,95,Available
Paan Corner,Himalaya Prickly Heat Baby Powder,9000,10,6,8100,100,0,100,900,81,Available
Paan Corner,Mamaearth Daily Moisturizing Lotion For Babies,19900,0,6,19900,200,0,200,0,99.5,Available
Paan Corner,Stayfree Advanced XL Ultra Comfort Sanitary napkins with Wings,17500,0,3,17500,812,0,14,0,21.55172414,Available
Paan Corner,Pampers Premium Care Pants - Medium,109900,18,6,89900,54,0,54,20000,1664.814815,Available
Paan Corner,Vaseline Original Skin Protecting Jelly,12500,10,6,11200,100,0,100,1300,112,Available
Paan Corner,Fiama Lemongrass and Jojoba Shower Gel,22500,20,6,18000,250,0,250,4500,72,Available
Paan Corner,Oral-B Charcoal Cross Cross Extra Soft Toothbrush (Buy 2 Get 1 Free),18000,0,1,18000,174,0,3,0,103.4482759,Available
Paan Corner,Veet Full Body Waxing Kit,23500,7,6,21800,1160,0,20,1700,18.79310345,Available
Paan Corner,Listerine Original Mouthwash,5500,9,6,5000,80,0,80,500,62.5,Available
Paan Corner,Santoor Almond Soft With Sandal & Almond Milk,18000,0,2,18000,625,0,625,0,28.8,Available
Paan Corner,Nivea Body Shea Smooth with Shea Butter for Dry Skin,42500,20,5,34000,400,0,9,8500,85,Available
Paan Corner,Neutrogena Deep Clean Facial Cleanser,13000,0,4,13000,50,0,50,0,260,Available
Paan Corner,"L'Oreal Paris Excellence Creme Hair Color, 3.16 Burgundy",55000,0,3,55000,159,0,172,0,345.9119497,Available
Paan Corner,Bombay Shaving Company Charcoal Face Wash,24900,0,4,24900,100,0,100,0,249,Available
Paan Corner,Colgate Kids 2+ Years Extra Soft Toothbrush,2000,0,3,2000,58,0,1,0,34.48275862,Available
Paan Corner,Veet Hair Removal Cream (Normal Skin),13500,5,6,12800,50,0,50,700,256,Available
Paan Corner,L'Oreal Anti Hair Fall Conditioner,19900,0,6,19900,192,0,192,0,103.6458333,Available
Paan Corner,Nivea Body Lotion Aloe Hydration For Normal Skin ,27500,10,6,24700,200,0,200,2800,123.5,Available
Paan Corner,Pampers Pants - Large,154900,45,3,84900,82,0,82,70000,1035.365854,Available
Paan Corner,"Engage Urge Deodorant For Men, Citrus And Woody, Skin Friendly",19500,10,6,17400,150,0,150,2100,116,Available
Paan Corner,Head & Shoulders 2 In 1 Anti Dandruff Smooth & Silky Shampoo+Conditioner,37500,10,6,33400,340,0,340,4100,98.23529412,Available
Paan Corner,Fem Fairness Natural Gold Skin Bleach,8500,7,4,7900,64,0,64,600,123.4375,Available
Paan Corner,Engage Deo Frost,19500,9,6,17600,150,0,150,1900,117.3333333,Available
Paan Corner,Stayfree Secure XL Size Sanitary Napkins,11500,0,5,11500,1160,0,20,0,9.913793103,Available
Paan Corner,Pampers Pants - Medium,69900,21,1,54900,50,0,50,15000,1098,Available
Paan Corner,Pampers Active Baby Diapers New Born Extra Small ,109900,22,3,84900,72,0,72,25000,1179.166667,Available
Paan Corner,"Nivea Creme, All Season Multi-Purpose Cream",17500,9,6,15800,100,0,100,1700,158,Available
Paan Corner,Woodwards Gripe Water ,5000,0,4,5000,130,0,130,0,38.46153846,Available
Paan Corner,Clean & Clear Morning Energy Aqua Splash Face Wash,14500,9,5,13100,100,0,100,1400,131,Available
Paan Corner,Mamaearth Skin Correct Face Serum,59900,15,1,50900,30,0,30,9000,1696.666667,Available
Paan Corner,Chik Hairfall Prevent Egg Shampoo,17800,0,6,17800,340,0,340,0,52.35294118,Available
Paan Corner,Pantene Silky Smooth Care Shampoo,22500,6,3,21000,340,0,340,1500,61.76470588,Available
Paan Corner,"Garnier Skin Naturals, Micellar Cleansing Water",19900,5,4,18900,125,0,125,1000,151.2,Available
Paan Corner,Set Wet Swag Avatar Deodorant & Body Spray Perfume For Men,19900,0,1,19900,150,0,150,0,132.6666667,Available
Paan Corner,Pampers All Round Protection Pants - Medium,69900,17,6,57500,50,0,50,12400,1150,Available
Paan Corner,Set Wet Deodrant Charm Avatar,19900,0,1,19900,150,0,150,0,132.6666667,Available
Paan Corner,Nupur Heena Mehandi,19900,0,6,19900,500,0,500,0,39.8,Available
Paan Corner,Head & Shoulders 2-in-1 Active Protect Shampoo,37500,9,6,33800,340,0,340,3700,99.41176471,Available
Paan Corner,Gillette Mach 3 Turbo Cartridges,64900,10,6,57800,232,0,4,7100,249.137931,Available
Paan Corner,Bombay Shaving Company Sensitive Cartridges,37500,0,2,37500,116,0,2,0,323.2758621,Available
Paan Corner,Old Spice Lime Lather Shaving Cream,7500,0,6,7500,70,0,70,0,107.1428571,Available
Paan Corner,Colgate Sensitive Plus Anticavity Toothpaste ,14000,10,6,12600,70,0,70,1400,180,Available
Paan Corner,Colgate Toothpaste For Kids Motu Oatlu,9300,0,6,9300,80,0,80,0,116.25,Available
Paan Corner,Pantene Total Damage Care Shampoo,12000,0,6,12000,180,0,180,0,66.66666667,Available
Paan Corner,Himalaya Moisturising Aloe Vera Facial Wipes,10000,10,6,9000,25,0,25,1000,360,Available
Paan Corner,Pampers Active Baby Diapers New Born Extra Small,36000,10,6,32400,24,0,24,3600,1350,Available
Paan Corner,Vaseline Intensive Care Deep Moisture Body Lotion,32500,0,4,32500,400,0,400,0,81.25,Available
Paan Corner,L'Oreal Paris Dream Lengths Conditioner,19900,0,1,19900,193,0,193,0,103.1088083,Available
Paan Corner,Nivea Soft Light Moisturizing Cream,18500,15,6,15700,100,0,100,2800,157,Available
Paan Corner,Palmolive Feel The Massage Shower Gel,24900,20,6,19900,250,0,250,5000,79.6,Available
Paan Corner,Mamaearth Moisturizing Baby Bath Soap,24900,0,4,24900,150,0,150,0,166,Available
Paan Corner,Dove Dryness Care Shampoo,26800,5,1,25200,340,0,340,1600,74.11764706,Available
Paan Corner,Head & Shoulders Anti Dandruff Shampoo Cool Menthol,29500,9,6,26600,340,0,340,2900,78.23529412,Available
Paan Corner,Bombay Shaving Company Defender Razor,34500,0,6,34500,58,0,1,0,594.8275862,Available
Paan Corner,"Head & Shoulders Shampoo + Conditioner - 2-In-1, Cool Menthol",36500,0,1,36500,340,0,340,0,107.3529412,Available
Paan Corner,Himalaya Baby Nourishing Massage Oil,20000,20,2,16000,200,0,250,4000,80,Available
Paan Corner,Fogg Paradise Fragrant Body Spray For Women ,25000,0,6,25000,150,0,150,0,166.6666667,Available
Paan Corner,Revive Revive Liquid,7100,0,6,7100,200,0,200,0,35.5,Available
Paan Corner,Pantene Hairfall Control Conditioner,19000,6,6,17800,200,0,200,1200,89,Available
Paan Corner,Mamaearth Vitamin C Face Toner,39900,0,1,39900,200,0,200,0,199.5,Available
Paan Corner,Himalaya Diaper Rash Cream,8000,10,2,7200,20,0,20,800,360,Available
Paan Corner,Fogg Royal Fragrance Spray,23000,0,4,23000,150,0,120,0,153.3333333,Available
Paan Corner,Dove Pink Rosa Beauty Bathing Bar,24500,9,6,22100,100,0,100,2400,221,Available
Paan Corner,Dove Dryness Care Conditioner Frizzy & Dry Hair,9000,6,4,8400,80,0,80,600,105,Available
Paan Corner,Dettol Original Liquid Handwash Refill,10900,3,0,10500,750,1,750,400,14,out of stock
Paan Corner,Parachute 100% Pure Coconut Oil,12300,0,0,12300,300,1,300,0,41,out of stock
Paan Corner,Stayfree Secure Cottony Soft Cover Sanitary Pad (Regular) with Wings,3000,3,0,2900,406,1,7,100,7.142857143,out of stock
Paan Corner,Dabur Gulabari Premium Rose Water,4800,2,0,4700,120,1,120,100,39.16666667,out of stock
Paan Corner,Parachute Advansed Gold Coconut Hair Oil,21500,9,0,19400,400,1,400,2100,48.5,out of stock
Paan Corner,Sensodyne Sensitive Fresh Gel Toothpaste,11500,7,0,10600,75,1,75,900,141.3333333,out of stock
Paan Corner,Whisper Bindazzz Nights XL + Sanitary Pad,9000,0,0,9000,406,1,7,0,22.16748768,out of stock
Paan Corner,Whisper Choice Sanitary Pad ,3200,9,0,2900,406,1,7,300,7.142857143,out of stock
Paan Corner,"Godrej No.1 Bathing Soap, Jasmine",8400,0,0,8400,400,1,100,0,21,out of stock
Paan Corner,Gillette Venus Close & Clean Razor ,24900,7,0,23000,58,1,1,1900,396.5517241,out of stock
Paan Corner,Stayfree Secure Dry Cover Extra Large Sanitary Pad,4200,2,0,4100,406,1,7,100,10.09852217,out of stock
Paan Corner,Oxylife Natural Radiance 5 Creme Bleach - With Active Oxygen,8200,9,0,7400,27,1,27,800,274.0740741,out of stock
Paan Corner,Clean & Clear Morning Energy Lemon Face Wash,14500,9,0,13100,100,1,100,1400,131,out of stock
Paan Corner,Bajaj Almond Drops Hair Oil,6700,10,0,6000,100,1,100,700,60,out of stock
Paan Corner,Bajaj Almond Drops Hair Oil Bottle,13000,7,0,12000,200,1,200,1000,60,out of stock
Paan Corner,Whisper Bindazzz Night Sanitary Pads XL Plus,18500,0,0,18500,870,1,15,0,21.26436782,out of stock
Paan Corner,Godrej Cinthol Lime Refreshing Deo Soap,11600,0,0,11600,400,1,400,0,29,out of stock
Paan Corner,"MamyPoko Pants Standard Diapers, Extra Large (12 - 17 kg)",39900,7,0,36900,26,1,26,3000,1419.230769,out of stock
Home & Cleaning,Surf Excel Stain Eraser,1800,0,1,1800,150,0,150,0,12,Available
Home & Cleaning,Colin Glass and Surface Cleaner Liquid Spray Regular,9600,7,6,8900,500,0,500,700,17.8,Available
Home & Cleaning,A1 Biodegradable Garbage Dustbin Bags,6900,0,6,6900,30,0,30,0,230,Available
Home & Cleaning,"Mortein Cockroach Killer Spray, Crawling insect killer with Deep-Reach Nozzle",18900,5,2,17900,425,0,425,1000,42.11764706,Available
Home & Cleaning,Pril Perfect Lime Dishwash Liquid,19000,7,4,17500,750,0,750,1500,23.33333333,Available
Home & Cleaning,Dettol Antiseptic Disinfectant Liquid,6600,0,6,6600,125,0,125,0,52.8,Available
Home & Cleaning,Godrej Aer Power Pocket Berry Rush,5500,0,3,5500,10,0,10,0,550,Available
Home & Cleaning,Hit Cockroach Killer Spray ,10100,2,4,9800,200,0,200,300,49,Available
Home & Cleaning,Vim Dishwash Liquid Gel Lemon,18500,5,1,17500,750,0,750,1000,23.33333333,Available
Home & Cleaning,"Harpic Disinfectant Toilet Cleaner Liquid, Original - 1 L",17800,0,6,17800,1000,0,1,0,17.8,Available
Home & Cleaning,Odomos Mosquito Repellent Cream ,5000,8,6,4600,50,0,50,400,92,Available
Home & Cleaning,Harpic Disinfectant Bathroom Cleaner Liquid Lemon,18900,5,6,17900,1000,0,1,1000,17.9,Available
Home & Cleaning,Eveready AA pack of 10 ,15000,4,6,14300,580,0,10,700,24.65517241,Available
Home & Cleaning,Cherry Blossom Liquid Wax Polish,9800,5,6,9300,75,0,75,500,124,Available
Home & Cleaning,Gala Scrubber Cleaner Home Everyday Scrub,3500,2,6,3400,58,0,1,100,58.62068966,Available
Home & Cleaning,Hit Flower Lime Fragrance Insect Killer Spray,18200,3,6,17600,400,0,400,600,44,Available
Home & Cleaning,Harpic Hygienic Toilet Cleaner Rim Block Jasmine,8200,6,4,7700,26,0,26,500,296.1538462,Available
Home & Cleaning,Om Bhakti - Pancha Deepa Oil ,19900,10,6,17900,1000,0,1,2000,17.9,Available
Home & Cleaning,Ariel Complete Detergent Washing Powder 500 g  + 200 g Free,13500,0,6,13500,500,0,500,0,27,Available
Home & Cleaning,Surf Excel Matic Top Load Detergent Powder,20000,6,1,18800,1000,0,1,1200,18.8,Available
Home & Cleaning,Harpic Flushmatic In-Cistern Toilet Cleaner Blocks Marine,15400,7,4,14300,100,0,100,1100,143,Available
Home & Cleaning,Eveready 1012 Carbon Zinc AAA Battery,15000,4,2,14300,580,0,10,700,24.65517241,Available
Home & Cleaning,Surf Excel Matic Front Load Detergent Liquid,22500,1,6,22100,1000,0,1,400,22.1,Available
Home & Cleaning,Origami Kitchen Towels 2 In 1 Quilted 2ply,14000,10,6,12600,116,0,2,1400,108.6206897,Available
Home & Cleaning,Oxi Green Phenyl - Pine ,8200,9,6,7400,1000,0,1,800,7.4,Available
Home & Cleaning,Surf Excel Easy Wash Detergent Liquid,17000,0,6,16900,1000,0,1,100,16.9,Available
Home & Cleaning,Uno Playing Card Game,14900,9,2,13500,58,0,1,1400,232.7586207,Available
Home & Cleaning,Chakaachak Mini Cloth Brush,4000,2,1,3900,58,0,1,100,67.24137931,Available
Home & Cleaning,Chakaachak Super Scrub Pad (Pack of 3),3500,2,2,3400,174,0,3,100,19.54022989,Available
Home & Cleaning,ColinÂ Glass and Surface Cleaner Liquid Spray Regular,6200,6,5,5800,250,0,250,400,23.2,Available
Home & Cleaning,Om Bhakti Cow Dung Cakes ,1600,0,6,1600,290,0,5,0,5.517241379,Available
Home & Cleaning,Dettol Antiseptic Liquid,3300,0,4,3300,60,0,60,0,55,Available
Home & Cleaning,Harpic Hygienic Toilet Cleaner Rim Block Citrus,8200,6,6,7700,26,0,26,500,296.1538462,Available
Home & Cleaning,Eveready Ultima Alkaline AA Cell Battery-6 Pc Pack,21000,10,6,18900,348,0,6,2100,54.31034483,Available
Home & Cleaning,Mangaldeep Rose Puja Agarbatti ,6500,9,4,5900,120,0,120,600,49.16666667,Available
Home & Cleaning,Ariel Matic Top Load Detergent Washing Powder,22500,0,6,22500,1000,0,1,0,22.5,Available
Home & Cleaning,Gala Cloth Poccha/Mop,12500,9,6,11300,58,0,1,1200,194.8275862,Available
Home & Cleaning,Chakaachak Floor Cleaning Pocha,5000,2,6,4900,58,0,1,100,84.48275862,Available
Home & Cleaning,Oxi Green Floor Cleaner - Floral,17900,10,6,16100,1000,0,1,1800,16.1,Available
Home & Cleaning,"Godrej Aer Pocket, Bathroom Air Fragrance - Assorted Pack Of 3",16000,0,6,16000,30,0,30,0,533.3333333,Available
Home & Cleaning,Ariel Complete Detergent Washing Powder 1 kg + 500 g Free,28000,6,6,26300,1500,0,1,1700,17.53333333,Available
Home & Cleaning,Chakaachak Sponge Scrubber (Pack of 2),4500,2,6,4400,116,0,2,100,37.93103448,Available
Home & Cleaning,Lizol Disinfectant Surface & Floor Cleaner Liquid Floral,10300,5,6,9700,500,0,500,600,19.4,Available
Home & Cleaning,Harpic Germ & Stain Blaster Disinfectant Toilet Cleaner Floral,14800,7,6,13700,750,0,750,1100,18.26666667,Available
Home & Cleaning,Hit Lime Fresh Flying Insect Killer,26900,0,6,26900,385,0,385,0,69.87012987,Available
Home & Cleaning,Fevistik Super Glue Stick,4000,2,6,3900,15,0,15,100,260,Available
Home & Cleaning,Godrej Ezee Liquid Detergent,17500,0,6,17500,1000,0,1,0,17.5,Available
Home & Cleaning,Odonil Air Fresher Buy 3 Get 1 Free,22500,5,3,21300,300,0,300,1200,71,Available
Home & Cleaning,"""Godrej Aer Power Pocket - Long Lasting Bathroom Fragrance Fresh Blossom""",5500,0,6,5500,10,0,10,0,550,Available
Home & Cleaning,Genteel Liquid Detegrent,32000,0,6,32000,2000,0,2,0,16,Available
Home & Cleaning,Scotch Brite Scrub Pad,7500,9,6,6800,290,0,5,700,23.44827586,Available
Home & Cleaning,Shubh kart - Nirmal Eco Box Chandan Agarbatti - 100g,6500,13,5,5600,100,0,100,900,56,Available
Home & Cleaning,Surf Excel Quick Wash,60000,8,1,54900,4000,0,4,5100,13.725,Available
Home & Cleaning,Hem Mantra Masala Agarbatti,8500,7,1,7900,50,0,50,600,158,Available
Home & Cleaning,Odonil Room Air Freshener Spray Lavender Mist,14900,5,4,14100,240,0,240,800,58.75,Available
Home & Cleaning,Chakaachak Mega Star Toilet Brush,11000,2,4,10700,58,0,1,300,184.4827586,Available
Home & Cleaning,Om Bhakti Wick for Diya - Cotton Long Batti ,1900,0,4,1900,50,0,50,0,38,Available
Home & Cleaning,Origami Non-Woven Kitchen Towel,19000,14,4,16200,80,0,80,2800,202.5,Available
Home & Cleaning,Shubh kart - Nirmal 5 in 1 Agarbatti Zipper - 150g,6500,13,6,5600,150,0,150,900,37.33333333,Available
Home & Cleaning,Harpic Lemon Bathroom Cleaner ,9500,9,6,8600,500,0,500,900,17.2,Available
Home & Cleaning,Scotch Brite Sponge Wipes,20000,0,2,20000,174,0,3,0,114.9425287,Available
Home & Cleaning,Godrej Aer Spray Fresh Lush Green,15000,16,2,12600,240,0,240,2400,52.5,Available
Home & Cleaning,Oxi Green Phenyl Concentrate,20000,10,6,18000,1000,0,1,2000,18,Available
Home & Cleaning,Oxi Green Max Force Green Concentrate,10700,10,3,9600,500,0,500,1100,19.2,Available
Home & Cleaning,Godrej Aer Morning Misty Meadows Home Air Freshener,15000,0,4,14900,240,0,240,100,62.08333333,Available
Home & Cleaning,Kiwi Dranex Drain Cleaner,13500,9,1,12200,348,0,6,1300,35.05747126,Available
Home & Cleaning,Origami Disposable Spoons,8000,10,3,7200,1160,0,20,800,6.206896552,Available
Home & Cleaning,Pril Bar Tub,5500,0,1,5500,500,0,500,0,11,Available
Home & Cleaning,Om Bhakti Wick for Diya - Cotton Flower Batti ,1900,0,4,1900,60,0,60,0,31.66666667,Available
Home & Cleaning,Chakaachak Deluxe Dustpan Grey,6800,2,3,6600,58,0,1,200,113.7931034,Available
Home & Cleaning,Lizol Disinfectant Surface & Floor Cleaner Liquid Citrus,20500,8,3,18800,975,0,975,1700,19.28205128,Available
Home & Cleaning,ScotchBrite Premium Kitchen Towels,15000,18,3,12300,174,0,1,2700,70.68965517,Available
Home & Cleaning,Vanish All in One Powder Detergent Booster,21000,10,2,18900,400,0,400,2100,47.25,Available
Home & Cleaning,Good Knight Fabric Personal Mosquito Repellent Roll On,7500,0,3,7500,8,0,8,0,937.5,Available
Home & Cleaning,Gala Iron Bull Scrub Pad,14000,10,6,12600,174,0,3,1400,72.4137931,Available
Home & Cleaning,Tide Plus Extra Power Lemon & Mint Detergent Powder,21500,1,6,21100,2000,0,2,400,10.55,Available
Home & Cleaning,Chakaachak Dustpan Grey,7000,2,5,6800,58,0,1,200,117.2413793,Available
Home & Cleaning,Mortein PowerGard Rat Kill Cake,6400,6,6,6000,100,0,100,400,60,Available
Home & Cleaning,Odomos Mosquito Repellent Cream,2500,0,1,2500,23,0,25,0,108.6956522,Available
Home & Cleaning,Shubh kart - Nirmal Eco Box Sugandhi Mogra Agarbatti - 100g,6500,13,6,5600,100,0,100,900,56,Available
Home & Cleaning,Cherry Blossom Wax Shoe Polish Black,6800,5,6,6400,40,0,40,400,160,Available
Home & Cleaning,Origami Paper Plates,24000,15,5,20400,50,0,50,3600,408,Available
Home & Cleaning,Gala Microfiber Magic Cloth 2-In-1,17500,9,6,15800,58,0,1,1700,272.4137931,Available
Home & Cleaning,Mr Muscle Dranex Drain Cleaner Kiwi,16000,6,4,14900,375,0,375,1100,39.73333333,Available
Home & Cleaning,Lizol Disinfectant Surface & Floor Cleaner Liquid Jasmine,10300,5,6,9700,500,0,500,600,19.4,Available
Home & Cleaning,Odonil Room Spray Air Freshener Citrus Fres,15000,12,4,13200,137,0,137,1800,96.35036496,Available
Home & Cleaning,Scotch Brite Power Scrub Pad,5000,2,6,4900,58,0,1,100,84.48275862,Available
Home & Cleaning,Origami Good Karma Toilet Roll,27500,14,6,23400,232,0,1,4100,100.862069,Available
Home & Cleaning,Shubh kart - Shubhkart Sambrani Cup Black 12n,8000,6,4,7500,696,0,12,500,10.77586207,Available
Home & Cleaning,Gala Scrubber Pad,7500,9,5,6800,290,0,5,700,23.44827586,Available
Home & Cleaning,Origami So Soft Tissue Roll Single - 340 Pulls 3 Ply,8000,0,1,8000,58,0,1,0,137.9310345,Available
Home & Cleaning,Odomos lotion - Mosquito Repellent,9000,8,6,8200,120,0,120,800,68.33333333,Available
Home & Cleaning,Surf Excel Matic Front Load Detergent Powder,53000,4,6,50700,2000,0,2,2300,25.35,Available
Home & Cleaning,Fevicol Mr.Original General Purpose White Glue ,5000,2,6,4900,105,0,100,100,46.66666667,Available
Home & Cleaning,Aro Aluminium Container with Lid 230 ml,7500,9,3,6800,25,0,25,700,272,Available
Home & Cleaning,Harpic Power Fresh 6 Toilet Cleaner Rim Block Floral Delight,18800,10,6,16900,35,0,35,1900,482.8571429,Available
Home & Cleaning,Origami So Soft Tissue Roll 3 Ply,39000,11,6,34700,696,0,12,4300,49.85632184,Available
Home & Cleaning,Ariel Matic Front Load Detergent Washing Powder,80000,15,6,68000,3000,0,3,12000,22.66666667,Available
Home & Cleaning,Gala Double Hockey Toilet Brush,15000,10,6,13500,58,0,1,1500,232.7586207,Available
Home & Cleaning,Surf Excel Detergent Bar Value Pack,11400,0,6,11400,800,0,800,0,14.25,Available
Home & Cleaning,Odonil Zipper Blissful Citrus,5500,0,1,5500,10,0,10,0,550,Available
Home & Cleaning,Eveready Base B22 9-Watt LED Bulb,15000,0,2,15000,58,0,1,0,258.6206897,Available
Home & Cleaning,Scotch Brite Sponge Wipe,33000,10,6,29700,290,0,5,3300,102.4137931,Available
Home & Cleaning,Domex Disinfectant Floor Cleaner,18000,5,6,17000,1000,0,1,1000,17,Available
Home & Cleaning,Surf Excel Matic Powder Front Load ,81000,7,2,75000,4000,0,4,6000,18.75,Available
Home & Cleaning,Scotch Brite Silver Sparks Scrub Pad,9000,10,6,8100,348,0,3,900,23.27586207,Available
Home & Cleaning,Airwick Room Air Freshener Spray Cool Water & Aloe Vera,16100,5,6,15200,245,0,245,900,62.04081633,Available
Home & Cleaning,Shubh kart - Surabhi Camphor Pouch 50g,9500,9,6,8600,50,0,50,900,172,Available
Home & Cleaning,Pril Power Of Active Boosters,10200,0,1,10200,400,0,400,0,25.5,Available
Home & Cleaning,Scotch Brite Tough Scrubber Brush,15000,6,6,14000,58,0,1,1000,241.3793103,Available
Home & Cleaning,Mortein Dual All Insect Killer Spray,28000,10,6,25200,600,0,600,2800,42,Available
Home & Cleaning,Lizol Double Concentrate Disinfectant Floor Cleaner Lavender,32500,10,6,29200,900,0,900,3300,32.44444444,Available
Home & Cleaning,Eveready Ultima Alkaline Battery AAA,6800,0,6,6800,116,0,2,0,58.62068966,Available
Home & Cleaning,Shubh kart - Tejas Twisted Cotton Wicks 1000n,3000,6,6,2800,1000,0,1000,200,2.8,Available
Home & Cleaning,Lizol Double Concentrate Disinfectant Floor Cleaner Citrus,65000,8,6,59800,1900,0,1,5200,31.47368421,Available
Home & Cleaning,Surf Excel Matic Top Load,72000,9,4,64900,4000,0,4,7100,16.225,Available
Home & Cleaning,Oxi Green Dish Wash Liquid - Lemon,10500,6,6,9800,500,0,500,700,19.6,Available
Home & Cleaning,Mangalam Camphor,10000,10,6,9000,50,0,50,1000,180,Available
Home & Cleaning,Cherry Blossom Liquid Wax Polish (Dark Tan),9800,5,6,9300,75,0,75,500,124,Available
Home & Cleaning,Gala EzeeSqueegee Wiper,15000,10,6,13500,58,0,1,1500,232.7586207,Available
Home & Cleaning,Lizol Disinfectant Surface & Floor Cleaner Liquid Pine,20500,8,6,18800,975,0,975,1700,19.28205128,Available
Home & Cleaning,Philips Stellar Bright 16W Light Bulb,39000,16,6,32400,58,0,1,6600,558.6206897,Available
Home & Cleaning,Airwick EverFresh Gel Bathroom Air Freshener - Lavender Dew,7000,10,6,6300,50,0,50,700,126,Available
Home & Cleaning,Origami Cups Plain 100 units,15500,14,5,13200,100,0,100,2300,132,Available
Home & Cleaning,Airwick EverFresh Gel Bathroom Air Freshener - Citrus Splash,7000,10,6,6300,50,0,50,700,126,Available
Home & Cleaning,Ariel Matic Liquid Detergent Front Load,25000,0,6,25000,1000,0,1,0,25,Available
Home & Cleaning,Om Bhakti Gangajal Packed At Gangotri,3000,3,6,2900,220,0,220,100,13.18181818,Available
Home & Cleaning,Odonil Air Freshner Lavender Meadows,7500,5,4,7100,75,0,75,400,94.66666667,Available
Home & Cleaning,Om Bhakti Haldi ,1200,0,4,1200,15,0,15,0,80,Available
Home & Cleaning,Cherry Blossom Wax Shoe Polish Dark Tan,6800,5,6,6400,40,0,40,400,160,Available
Home & Cleaning,Dabur Odomos Naturals Mosquito Repellant Gel,7500,8,4,6900,80,0,80,600,86.25,Available
Home & Cleaning,Shubh kart - Nirmal sugandhi mogra wet dhoop zipper 20 sticks,3000,6,6,2800,1160,0,20,200,2.413793103,Available
Home & Cleaning,Om Bhakti Wick for Diya - Ghee Cotton Wicks Big ,18900,10,6,17000,30,0,30,1900,566.6666667,Available
Home & Cleaning,Air Wick Room Air Freshener Spray - Lavender & Lotus,16100,5,6,15200,245,0,245,900,62.04081633,Available
Home & Cleaning,Scotch Brite Kitchen Sink Brush,13500,9,5,12200,58,0,1,1300,210.3448276,Available
Home & Cleaning,Odonil Room Air Freshener Spray - Lavender Mist,15000,12,1,13200,137,0,137,1800,96.35036496,Available
Home & Cleaning,Godrej Aer Power Pocket - Long Lasting Bathroom Fragrance Lavender Bloom,5500,0,4,5500,10,0,10,0,550,Available
Home & Cleaning,Origami Good Karma Paper Serviettes ,8000,10,6,7200,50,0,50,800,144,Available
Home & Cleaning,Scotch Magic Tape,11500,14,6,9800,58,0,1,1700,168.9655172,Available
Home & Cleaning,Ambi Pur Car Freshener Gel - Relaxing Lavender,29900,10,2,26900,75,0,75,3000,358.6666667,Available
Home & Cleaning,Origami Kitchen Towels 4 in 1 60 Pulls 2 Ply,26500,0,6,26500,58,0,1,0,456.8965517,Available
Home & Cleaning,Om Bhakti Wick for Diya - Ghee Cotton Wicks Small ,13900,10,6,12500,30,0,30,1400,416.6666667,Available
Home & Cleaning,Chakaachak Super Strong Scrub,2900,3,5,2800,58,0,1,100,48.27586207,Available
Home & Cleaning,Nimyle Lemongrass Floor Cleaner,16500,5,5,15600,975,0,975,900,16,Available
Home & Cleaning,Oxi Green Floor Cleaner - Citrus ,17900,10,6,16100,1000,0,1,1800,16.1,Available
Home & Cleaning,Airwick Room Air Freshener Spray - Rose & Saffron,16100,5,5,15200,245,0,245,900,62.04081633,Available
Home & Cleaning,Origami Luxuria Kitchen Towel 300 Pulls Single,32000,0,2,32000,58,0,1,0,551.7241379,Available
Home & Cleaning,Philips EyePro 10.5W Light Bulb,22000,10,6,19800,58,0,1,2200,341.3793103,Available
Home & Cleaning,Mangalam Camphor Tablet Jar,28000,10,6,25200,100,0,100,2800,252,Available
Home & Cleaning,Chakaachak Super Sponge Wipes (Pack of 3),14000,0,6,14000,174,0,3,0,80.45977011,Available
Home & Cleaning,"""Origami Good Karma Paper Serviettes - 100 napkins (1 ply)""",7800,10,6,7000,58,0,1,800,120.6896552,Available
Home & Cleaning,Robin Dazzling Liquid Blue After Wash,7400,5,6,7000,200,0,200,400,35,Available
Home & Cleaning,Om Bhakti Camphor Big,11900,10,6,10700,40,0,40,1200,267.5,Available
Home & Cleaning,Om Bhakti Camphor Small,7900,10,6,7100,25,0,25,800,284,Available
Home & Cleaning,Scotch Brite Multi-Purpose Sponge Wipes,70000,17,6,58100,580,0,10,11900,100.1724138,Available
Home & Cleaning,Surabhi Pure Camphor,5000,2,6,4900,25,0,25,100,196,Available
Home & Cleaning,Chakaachak Floor Pocha Large,5000,0,1,5000,58,0,1,0,86.20689655,Available
Home & Cleaning,Ariel Matic Front Load Liquid Detergent,22000,0,4,22000,1000,0,1,0,22,Available
Home & Cleaning,Harpic Power Fresh 6 Toilet Cleaner Rim Block Marine Splash,18800,10,4,16900,35,0,35,1900,482.8571429,Available
Home & Cleaning,Chakaachak Dust Proof Broom,18000,2,6,17500,58,0,1,500,301.7241379,Available
Home & Cleaning,Om Bhakti Kumkum ,1200,0,6,1200,15,0,15,0,80,Available
Home & Cleaning,Apsara Non Dust Eraser,6000,10,5,5400,1160,0,20,600,4.655172414,Available
Home & Cleaning,Chakaachak Power Scrub (Pack of 2),4200,2,6,4100,116,0,2,100,35.34482759,Available
Home & Cleaning,Om Bhakti Wick for Diya - Vanaspati Ghee Cotton Wicks Small ,6900,11,6,6100,30,0,30,800,203.3333333,Available
Home & Cleaning,Whiskas Adult +1 year Salmon in Gravy,25000,10,3,22500,85,0,1,2500,264.7058824,Available
Home & Cleaning,Origami Paper Party Plates,24000,0,6,24000,580,0,50,0,41.37931034,Available
Home & Cleaning,Gala Microfiber Multipurpose Cloth,14000,7,6,12900,58,0,1,1100,222.4137931,Available
Home & Cleaning,Ariel Matic Front Load Detergent Powder,26000,0,6,26000,1000,0,1,0,26,Available
Home & Cleaning,Vim Dishwash Bar,2300,4,0,2200,300,1,300,100,7.333333333,out of stock
Home & Cleaning,Dettol Effective Protection Antiseptic Liquid,11600,0,0,11600,250,1,250,0,46.4,out of stock
Home & Cleaning,Godrej Good Night Gold Flash Liquid Vapouriser,8900,0,0,8900,60,1,60,0,148.3333333,out of stock
Home & Cleaning,Rin Detergent Powder,8600,2,0,8400,1000,1,1,200,8.4,out of stock
Home & Cleaning,Surf Excel Easy Wash Detergent Powder,13600,3,0,13100,1000,1,1,500,13.1,out of stock
Home & Cleaning,Rin Detergent Bar,1000,0,0,1000,140,1,140,0,7.142857143,out of stock
Home & Cleaning,Odomos Mosquito Repellent Spray,9000,8,0,8200,100,1,100,800,82,out of stock
Home & Cleaning,Chakaachak Super Steel Scrubber,1200,8,0,1100,58,1,1,100,18.96551724,out of stock
Home & Cleaning,Scotch-Brite Scrub Sponge Ideal For Dishwash Liquid,6500,9,0,5900,116,1,2,600,50.86206897,out of stock
Home & Cleaning,Gala No Dust Broom,19000,7,0,17500,58,1,1,1500,301.7241379,out of stock
Home & Cleaning,Chakaachak Eazo Grass Broom New ,10500,2,0,10200,58,1,1,300,175.862069,out of stock
Home & Cleaning,Rin Fabric Whitener Detergent,6900,10,0,6200,500,1,500,700,12.4,out of stock
Home & Cleaning,Comfort After Wash Fabric Conditioner Lily Fresh ,23500,9,0,21200,860,1,860,2300,24.65116279,out of stock
Home & Cleaning,Ujala Superme For Super Whiteness Of Clothes,2500,0,0,2500,75,1,75,0,33.33333333,out of stock
Home & Cleaning,Scotch BOPP Packaging Tape,8000,15,0,6800,58,1,1,1200,117.2413793,out of stock
Home & Cleaning,Origami Plates Plain,25000,10,0,22500,100,1,100,2500,225,out of stock
Health & Hygiene,Epigamia Fruit Yogurt Alphonso Mango,4000,50,6,2000,75,0,75,2000,26.66666667,Available
Health & Hygiene,Epigamia Fruit Yogurt Vanilla,4000,50,6,2000,75,0,75,2000,26.66666667,Available
Health & Hygiene,Nestle A+ Actiplus Probiotic Dahi Plain Curd,7800,3,5,7500,400,0,400,300,18.75,Available
Health & Hygiene,Dettol Original Germ Protection Alcohol Based Hand Sanitizer,2500,0,6,2500,50,0,50,0,50,Available
Health & Hygiene,Dettol Antiseptic Disinfectant Liquid,6600,0,6,6600,125,0,125,0,52.8,Available
Health & Hygiene,Durex Air Ultra Thin Condoms,8200,0,6,8200,174,0,3,0,47.12643678,Available
Health & Hygiene,Durex Air Ultra Thin Condom,24500,10,6,22000,580,0,10,2500,37.93103448,Available
Health & Hygiene,Dabur Regular Hajmola,4500,6,6,4200,120,0,120,300,35,Available
Health & Hygiene,Hajmola Anardana Digestive Tablets,4500,6,2,4200,120,0,180,300,35,Available
Health & Hygiene,Zandu Balm,4000,10,4,3600,8,0,8,400,450,Available
Health & Hygiene,Vicks Cough Drops Menthol,2000,0,6,2000,1160,0,20,0,1.724137931,Available
Health & Hygiene,Durex Extra Time Condoms,22800,10,6,20500,580,0,10,2300,35.34482759,Available
Health & Hygiene,Vicks Vaporub,8500,9,6,7700,25,0,25,800,308,Available
Health & Hygiene,Dettol Antiseptic Liquid,3300,0,4,3300,60,0,60,0,55,Available
Health & Hygiene,Veet Sensitive Skin Hair Removal Cream,13500,5,6,12800,50,0,50,700,256,Available
Health & Hygiene,Vicks VapoRub,14500,11,2,12900,50,0,50,1600,258,Available
Health & Hygiene,Dabur Hajmola Imli Digestive Tablets,4500,6,6,4200,120,0,120,300,35,Available
Health & Hygiene,Dettol Antiseptic Liquid + Disinfectant Spray - Original,15900,10,6,14300,225,0,225,1600,63.55555556,Available
Health & Hygiene,Iodex Body Pain Expert ,4000,2,6,3900,8,0,8,100,487.5,Available
Health & Hygiene,Patanjali Hing Goli,6500,10,4,5800,100,0,100,700,58,Available
Health & Hygiene,Moov Fast Pain Relief Cream,18900,15,6,16000,50,0,50,2900,320,Available
Health & Hygiene,Dettol Hand Sanitizer,10000,5,6,9500,200,0,200,500,47.5,Available
Health & Hygiene,Whisper Ultra Soft XL+ Sanitary Pads,33000,2,6,32300,30,0,30,700,1076.666667,Available
Health & Hygiene,Whisper Choice Regular Wing Sanitary Pad,3000,0,2,3000,406,0,7,0,7.389162562,Available
Health & Hygiene,Savlon Surface Disinfectant Spray,16500,10,6,14800,170,0,170,1700,87.05882353,Available
Health & Hygiene,Durex Extra Thin Condoms,22800,10,6,20500,580,0,10,2300,35.34482759,Available
Health & Hygiene,Stayfree Secure Dry Cover Regular Sanitary Pad With Wings,3000,3,6,2900,406,0,7,100,7.142857143,Available
Health & Hygiene,Eno Fruit Salt Lemon Flavour Energy Powder,13000,10,6,11700,100,0,100,1300,117,Available
Health & Hygiene,Moov Pain Relief Specialist Spray,14900,5,5,14100,35,0,35,800,402.8571429,Available
Health & Hygiene,Savlon Germ Protection Wipes,18900,10,6,17000,72,0,72,1900,236.1111111,Available
Health & Hygiene,Veet Hair Removal Cream Dry Skin,13500,5,5,12800,50,0,50,700,256,Available
Health & Hygiene,Whisper Ultra Soft Air Fresh Sanitary Pads (XL) with Wings,31500,0,4,31500,30,0,30,0,1050,Available
Health & Hygiene,Whisper Choice Regular Sanitary Pads,9000,0,6,9000,1160,0,20,0,7.75862069,Available
Health & Hygiene,Whisper Ultra Clean Wings XL+  Pouch,44900,7,6,41500,44,0,44,3400,943.1818182,Available
Health & Hygiene,Durex Extra Ribbed Condoms,24500,10,2,22000,580,0,10,2500,37.93103448,Available
Health & Hygiene,Eno Regular Fruit Salt Energy Powder,13000,0,6,13000,100,0,100,0,130,Available
Health & Hygiene,Durex Extra Thin Bubblegum Condom,15000,10,6,13500,580,0,10,1500,23.27586207,Available
Health & Hygiene,Dabur Hajmola Pudina - Digestive Tablets,4500,6,6,4200,120,0,120,300,35,Available
Health & Hygiene,Baidyanath Isabgol,11000,22,3,8500,100,0,100,2500,85,Available
Health & Hygiene,Kapiva Thar Aloe Vera Juice,29900,15,6,25400,1000,0,1,4500,25.4,Available
Health & Hygiene,Fine Life Cotton Balls,11000,10,6,9900,100,0,100,1100,99,Available
Health & Hygiene,Stayfree Dry Max All Night XL Dry Cover Sanitary Pads,34000,12,6,29800,28,0,28,4200,1064.285714,Available
Health & Hygiene,Moov Pain Releiver Spray,29000,15,6,24600,80,0,80,4400,307.5,Available
Health & Hygiene,Whisper Ultra Clean XL Plus Sanitary Pad,17500,0,5,17500,870,0,15,0,20.11494253,Available
Health & Hygiene,Durex Condoms Mutual Climax,12000,0,6,12000,174,0,3,0,68.96551724,Available
Health & Hygiene,Durex Extra Dots Condoms,22800,10,6,20500,580,0,10,2300,35.34482759,Available
Health & Hygiene,Zandu Balm Ulter Power For Strong Headache Bodyache & Cold,4500,8,6,4100,8,0,8,400,512.5,Available
Health & Hygiene,Dabur Hajmola Maha Candy - Aam+Imli,13000,5,1,12300,130,0,130,700,94.61538462,Available
Health & Hygiene,Whisper Choice Ultra XL Sanitary Pad,13300,2,5,13000,1160,0,20,300,11.20689655,Available
Health & Hygiene,Veet Full Body Waxing Kit For Dry Skin,23500,7,6,21800,1160,0,20,1700,18.79310345,Available
Health & Hygiene,Dabur Chyawanprakash - Sugar Free,41500,7,6,38500,900,0,900,3000,42.77777778,Available
Health & Hygiene,Himalaya Cold Balm,12500,9,6,11300,45,0,45,1200,251.1111111,Available
Health & Hygiene,Dettol Clinical Strength Hand Sanitizer Liquid,25000,10,6,22500,500,0,500,2500,45,Available
Health & Hygiene,Kapiva Wild Amla Juice,24900,14,6,21200,1000,0,1,3700,21.2,Available
Health & Hygiene,Dabur Chyawanprash,34900,3,6,33800,950,0,1,1100,35.57894737,Available
Health & Hygiene,Amrutanjan Pain Balm Extra Power,10000,11,6,8900,28,0,27,1100,317.8571429,Available
Health & Hygiene,Stayfree Dry-Max All Night Ultra-Dry Sanitary Pad,9000,10,6,8100,406,0,7,900,19.95073892,Available
Health & Hygiene,Durex Mutual Climax Condoms,36000,15,6,30600,580,0,10,5400,52.75862069,Available
Health & Hygiene,Whisper Daily Liners Clean and Fresh,10500,0,4,10500,1160,0,20,0,9.051724138,Available
Health & Hygiene,Moov Cream Regular,5000,6,4,4700,10,0,10,300,470,Available
Health & Hygiene,Moov Pain Relief Specialist,7500,5,6,7100,15,0,15,400,473.3333333,Available
Health & Hygiene,Dabur Chyawanprakash Sugar Free,23500,5,6,22300,500,0,500,1200,44.6,Available
Health & Hygiene,Veet Hair Removal Cream (Normal Skin),13500,5,6,12800,50,0,50,700,256,Available
Health & Hygiene,Stayfree Advanced XL Ultra Comfort Sanitary napkins with Wings,17500,0,3,17500,812,0,14,0,21.55172414,Available
Health & Hygiene,Savlon Clothes Disinfectant & Refreshing Spray Fresh Breeze,17500,10,6,15700,230,0,230,1800,68.26086957,Available
Health & Hygiene,Dabur Chyawanprash Immunity Booster,19000,6,6,17700,500,0,500,1300,35.4,Available
Health & Hygiene,Vicks Inhaler with Keychain,10500,9,4,9500,116,0,2,1000,81.89655172,Available
Health & Hygiene,Stayfree Secure XL Size Sanitary Napkins,11500,0,5,11500,1160,0,20,0,9.913793103,Available
Health & Hygiene,Dabur Ayurvedic Tulsi Drops (Immunity Booster),19500,6,6,18200,30,0,30,1300,606.6666667,Available
Health & Hygiene,Organic India Wheat Grass,39500,20,4,31600,100,0,100,7900,316,Available
Health & Hygiene,Organic India Organic Chyawanprash,49500,20,6,39600,500,0,500,9900,79.2,Available
Health & Hygiene,Organic India Sugar Balance 60 Capsules Bottle,22500,0,6,22500,60,0,60,0,375,Available
Health & Hygiene,Dabur - Chyawanprash,9900,0,1,9900,250,0,25,0,39.6,Available
Health & Hygiene,Vicks BabyRub,10500,11,6,9300,25,0,25,1200,372,Available
Health & Hygiene,Bombay Shaving Company Sensitive Cartridges,37500,0,2,37500,116,0,2,0,323.2758621,Available
Health & Hygiene,Organic India Brahmi Bottle,20500,20,1,16400,60,0,60,4100,273.3333333,Available
Health & Hygiene,Horlicks Protein Plus Chocolate,27000,0,2,27000,200,0,200,0,135,Available
Health & Hygiene,Dabur Nature Care Isabgol - Double Action,14000,5,6,13300,100,0,100,700,133,Available
Health & Hygiene,Kapiva Wild Tulsi Giloy Juice |,40000,15,1,34000,1000,0,1,6000,34,Available
Health & Hygiene,Dabur Amla Juice,23500,15,6,19900,1000,0,1,3600,19.9,Available
Health & Hygiene,Epigamia Fruit Yogurt Strawberry,4000,50,0,2000,75,1,75,2000,26.66666667,out of stock
Health & Hygiene,Dettol Effective Protection Antiseptic Liquid,11600,0,0,11600,250,1,250,0,46.4,out of stock
Health & Hygiene,Stayfree Secure Cottony Soft Cover Sanitary Pad (Regular) with Wings,3000,3,0,2900,406,1,7,100,7.142857143,out of stock
Health & Hygiene,"Eno Cooling Sachets - Cool Mint, 6 Pieces Carton",5400,11,0,4800,5,1,5,600,960,out of stock
Health & Hygiene,Whisper Choice Sanitary Pad ,3200,9,0,2900,406,1,7,300,7.142857143,out of stock
Health & Hygiene,Whisper Bindazzz Nights XL + Sanitary Pad,9000,0,0,9000,406,1,7,0,22.16748768,out of stock
Health & Hygiene,Gillette Venus Close & Clean Razor ,24900,7,0,23000,58,1,1,1900,396.5517241,out of stock
Health & Hygiene,Stayfree Secure Dry Cover Extra Large Sanitary Pad,4200,2,0,4100,406,1,7,100,10.09852217,out of stock
Health & Hygiene,Dabur Honitus Herbal Cough Remedy Ayurvedic Syrup,10500,15,0,8900,100,1,100,1600,89,out of stock
Health & Hygiene,Whisper Bindazzz Night Sanitary Pads XL Plus,18500,0,0,18500,870,1,15,0,21.26436782,out of stock
